2686 4822
209 353 251 425 16
381 357 447 426 JO.
475 360 502 425 F
509 356 821 426 REINSHEM-II
850 357 1098 428 SUPPLEM.

204 479 284 543 Orta
300 478 391 560 luce,
410 481 515 544 Caesar
532 478 573 541 ad
594 499 628 541 se
649 477 864 542 Ptolemaeum
885 494 998 562 vocat,
1022 495 1150 545 etcum
1173 503 1215 546 eo
1239 481 1284 549 de

203 581 466 646 reconciliatione
482 582 603 646 sororis
627 580 703 668 agit.
720 579 765 642 Ut
777 602 856 644 vero
874 596 908 644 et
922 581 993 668 ipsa
1012 579 1135 670 prodiit
1147 581 1183 646 in
1199 604 1284 647 con·

103 700 105 704 ’
202 699 370 771 spectum,
397 684 445 747 ira
463 699 650 747 commotus
674 705 758 770 puer
779 682 944 771 proripuit
965 704 999 747 se
1015 682 1285 775 loras,labjecto·

202 806 268 870 que
294 783 494 865 diademate,
519 782 690 873 proditum
717 804 751 846 se
774 783 973 866 vociferans,
994 784 1144 850 excitavit
1166 786 1283 876 populi

200 885 342 950 turbam.
983 900 988 908 '

246 988 434 1051 XXXVIII.
452 985 516 1051 Sed
537 987 603 1051 cito
623 1001 781 1051 retractus
798 1010 816 1050 a
834 987 966 1052 Caesaris
988 988 1165 1055 comitibus
1186 990 1284 1079 plura

201 1090 313 1153 conari
328 1110 396 1152 non
410 1089 519 1177 potuit
536 1113 544 1154 ε
562 1105 595 1152 ct
613 1090 735 1171 Caesar,
755 1088 795 1152 dc
815 1091 984 1177 superiore
999 1090 1074 1155 loco
1090 1093 1283 1181 alloquutus

200 1190 454 1273 Alexandrinos,
471 1190 558 1254 nihil
570 1214 647 1279 opus
663 1214 725 1254 esse
741 1191 878 1254 tumultu
892 1191 988 1274 dixit3
1003 1214 1060 1256 uec
1071 1195 1198 1257 enimse
1208 1193 1283 1258 eici·

199 1293 328 1356 stimme
340 1291 434 1356 aliud
442 1291 513 1355 illos
526 1291 623 1371 velle,
638 1314 736 1380 quum
747 1292 836 1381 quod
849 1291 1051 1381 ultrofacere
1063 1296 1280 1361 constituisset.

104 1432 110 1438 ·
199 1394 346 1458 Recitato
357 1392 477 1457 deinde
487 1408 682 1457 testamento
694 1394 794 1481 patris
804 1394 987 1475 Ptolemaei,
1001 1395 1094 1482 quod
1103 1395 1138 1458 in
1151 1396 1281 1463 eolides

200 1496 315 1584 populi
333 1494 461 1558 romani
480 1495 711 1575 invocabatur,
726 1494 768 1558 ad
784 1517 819 1559 se
835 1495 1000 1583 pertinere
1014 1495 1114 1577 dixit,
1129 1504 1171 1560 et'
1178 1499 1281 1586 patris

199 1599 284 1661 tueri
298 1597 478 1680 judicium,
497 1613 530 1661 et
549 1597 659 1661 liberis
677 1597 873 1685 prospicere.
895 1598 992 1684 Quod
1011 1599 1115 1684 igitur
1121 1595 1281 1684 faustum

184 1697 449 1788 felixquesoret,
463 1701 604 1789 AEgypti
613 1722 743 1788 reguum
753 1699 889 1763 duorum
902 1722 965 1762 esse
975 1699 1099 1779 debere,
1113 1698 1283 1766 Ptolamoet'

196 1816 229 1866 et
240 1800 416 1889 Cleopatrae
422 1825 436 1881 ;
450 1801 566 1863 minori
579 1800 752 1865 Ptolemoeo
764 1823 836 1864 cum
848 1803 983 1865 Arsinoe
996 1823 1102 1866 sorore
1114 1803 1281 1868 munimu-

199 1905 304 1982 m‘um,
325 1918 356 1967 et
372 1924 427 1967 suo
435 1900 611 1990 popidique
626 1905 756 1966 romani
768 1901 854 1966 douo
867 1901 1008 1967 dotalem
1022 1902 1160 1993 Cyprum
1161 1901 1257 1990 fore

242 2005 399 2069 XXXIX.
415 2005 467 2068 Sic
483 2004 518 2066 in
533 2027 674 2092 praesens
688 2003 850 2068 seditione
866 2005 1069 2092 composita,
1089 2005 1280 2072 convivium

197 2107 369 2194 Cleopatra
393 2105 492 2193 regali
512 2105 593 2168 luxu
614 2105 779 2187 exhibuit,
802 2105 958 2170 omnihus
981 2128 1067 2171 nova
1090 2107 1280 2175 reconcilia-

195 2207 286 2270 tione
303 2205 393 2270 laetis.
408 2206 585 2270 Enimvero
603 2206 783 2290 Pothinus,
800 2207 834 2270 in
851 2206 941 2271 hand
958 2207 1062 2272 dubio
1078 2208 1279 2297 periculose

196 2310 413 2375 constitutum
428 2308 591 2388 sentIens,
608 2308 635 2371 si
653 2324 718 2372 tam
736 2310 880 2390 infensa,
897 2332 958 2373 nec
976 2309 1162 2392 immerito,
1179 2310 1278 2376 Cleo·

193 2427 285 2500 patra
296 2433 372 2500 rege
384 2426 417 2474 et
426 2432 528 2498 regno
542 2409 719 2498 potiretur,
734 2409 906 2476 occidendi
917 2411 1004 2476 inter
1018 2411 1130 2499 epulas
1141 2412 1277 2478 Caesaris

194 2513 367 2578 consilinm
386 2514 481 2601 cepit.
497 2514 575 2577 Erat
590 2512 677 2576 inter
691 2512 891 2600 quotidianae
910 2535 1017 2601 operae
1032 2535 1142 2576 servos
1159 2529 1277 2580 tonsor

195 2614 328 2703 quidam
339 2615 473 2696 Caesari,
487 2615 675 2678 mortalium
687 2614 837 2679 omnium
850 2613 1092 2678 timidissimus:
1103 2612 1157 2677 hic
1168 2637 1275 2702 quum

193 2717 277 2780 nihil
294 2740 362 2780 non
380 2716 567 2779 observaret
586 2716 680 2779 anxia
698 2714 1029 2803 cura,-deprehendit
1048 2714 1199 2796 insidias,
1216 2715 1275 2781 de·

193 2820 348 2906 texitque.
364 2817 491 2881 Idcirco
507 2819 627 2898 Caesar,
641 2816 707 2896 jam
724 2816 801 2879 olim
818 2815 998 2880 Pothinum
1015 2831 1204 2903 suspectum
1220 2816 1274 2881 iu·
1335 2887 1338 2891 ,

192 2920 366 3006 visumque
377 2917 517 3000 habens,
528 2917 679 2982 convivio
693 2917 851 2981 militibus
863 2915 1082 3000 circumdato,
1095 2916 1271 2985 interfecit.

193 3023 243 3086 De
252 3037 358 3085 morte
366 3020 499 3085 Pothini
515 3020 719 3112 consentitur
729 3019 815 3083 inter
827 3041 960 3100 omnes;
974 3017 1016 3081 de
1029 3033 1178 3105 tempore
1187 3041 1275 3084 mor·

192 3124 233 3188 tis
250 3139 283 3188 et
300 3123 416 3187 ordine
434 3121 559 3186 diversa
575 3121 763 3186 traduntur.
779 3120 843 3186 Sed
861 3120 943 3184 nihil
965 3121 1065 3209 magis
1086 3141 1271 3208 congruere

192 3225 375 3314 prudentiae
392 3224 599 3313 temporique
616 3225 748 3288 Caesaris
765 3223 872 3286 visum
894 3237 961 3304 est,
979 3244 1079 3309 quam
1096 3219 1189 3308 quod
1205 3243 1270 3311 po·

193 3328 330 3391 suimus.

234 3429 303 3493 XL.
320 3431 411 3492 Inter
426 3428 496 3492 haec
516 3427 650 3492 Achillae
666 3427 817 3492 nuntiato
838 3425 1000 3505 adventu,
1020 3426 1127 3488 Caesar
1144 3423 1269 3513 regiam

192 3528 330 3609 claudit,
346 3552 423 3594 suos
442 3545 546 3593 armat
565 3551 572 3592 :
591 3551 666 3592 cum
684 3529 860 3593 Ptolemaeo
874 3527 956 3616 agit,
971 3542 1027 3607 ut,
1046 3548 1129 3613 quos
1148 3523 1270 3591 habeat

190 3654 231 3696 ex
241 3630 308 3694 suis
324 3631 471 3693 maximae
487 3631 705 3712 auctoritatis,
720 3631 829 3694 mittat
841 3618 886 3693 ad¹
897 3628 1076 3709 Achillam,
1089 3626 1268 3714 jubeatque

189 3735 322 3821 incepto
339 3731 504 3797 desistere.
521 3733 677 3820 Serapion
694 3747 727 3794 et
743 3730 951 3796 Dioscorides
968 3729 1074 3810 missi,
1091 3729 1150 3817 qui
1165 3727 1267 3794 ambo

223 3960 240 4025 S
260 3960 398 4010 XXXVII.
416 3960 540 4010 Plutarch.
560 3960 587 4008 ln
604 3959 666 4008 Caes.
681 3975 736 4025 cap.
749 3975 790 4021 ⁷⁰·
808 3986 844 3998 -
864 3960 922 4006 Dio.
942 3984 978 3996 -
998 3959 1089 4006 Lucan.
1101 3959 1142 4016 X,
1159 3955 1217 4005 τοῦ.
1229 3984 1266 3995 -

188 4043 204 4108 s
216 4047 340 4093 XXXIX.
354 4045 476 4093 Plutarch.
489 4072 523 4082 -
533 4045 591 4093 Dio.
603 4071 637 4080 —
651 4044 713 4094 Cres.
726 4045 754 4092 B.
764 4044 819 4093 civ.
834 4043 879 4091 lib.
889 4045 939 4101 III,
949 4039 993 4091 fin.
1004 4068 1039 4079 -
1051 4042 1142 4090 Lucan.
1150 4042 1189 4099 X,
1201 4039 1264 4089 ⁵15.

186 4155 215 4163 -
236 4128 297 4175 l‘lor.
308 4156 341 4164 —
353 4128 460 4193 Appiam
