2686 4822
135 353 177 436 34
308 352 377 419 JO.
405 350 745 419 FREINSHEMII
778 350 1024 420 SUPPLEM.

180 472 340 537 LXXXV.
359 471 476 534 Catoni
498 492 574 532 cum
598 469 721 532 caeteris
745 469 885 556 petenda
909 471 1075 559 provincia
1098 472 1207 535 Africa

133 575 320 654 videbatur,
335 597 403 661 quo
417 572 579 660 appulisse
595 573 630 636 L.
641 571 827 658 Scipionem
841 571 1003 652 audierat,
1017 574 1209 660 Vtrumque

133 677 253 741 habere
272 697 404 764 magnas
427 674 473 738 ibi
492 674 618 762 copias,
640 688 673 736 et
695 671 799 736 fidum
817 673 963 760 partibus
984 673 1101 736 Iubam
1122 695 1131 738 ε
1150 674 1207 736 sed

135 801 242 866 neque
263 777 343 840 mari
365 793 456 839 tutus
482 792 551 839 erat
576 775 752 856 transitus3
776 790 808 838 et
831 775 971 863 pedibus
994 775 1208 839 circumitum

132 882 257 969 Syrtes,
274 902 333 968 per
353 878 480 943 deserta
499 895 531 941 et
549 877 638 941 arida
653 877 853 941 laboriosum
869 877 947 958 iter,
964 877 1100 941 molesta
1119 877 1207 959 sitis,

133 981 240 1046 infesti
264 997 449 1068 serpentes,
472 979 706 1068 insuperabiles
728 1002 820 1067 paene
842 977 1049 1043 difficultates
1072 979 1208 1060 objicie-

133 1082 262 1146 bantur.
282 1081 401 1145 Catoni
418 1097 527 1144 tamen
551 1080 640 1144 nulla
657 1080 830 1144 videbatur
848 1080 1034 1168 poenitenda
1049 1081 1118 1162 ria,
1142 1103 1207 1167 qua

133 1185 322 1248 servitutem
346 1182 524 1272 eflugeret3
541 1197 735 1268 tantumque
752 1181 929 1245 abundavit
943 1181 996 1245 ille
1013 1182 1062 1244 vir
1077 1181 1209 1260 animo,

133 1302 171 1350 ut
184 1286 348 1374 plerisque
364 1307 503 1349 suorum
515 1283 557 1348 ad
571 1282 685 1348 eadem
702 1284 851 1348 conanda
866 1285 1009 1349 inserere
1023 1301 1133 1373 posset
1150 1307 1208 1347 au·

133 1388 269 1452 ‹laciam
288 1385 437 1451 Dimissis
458 1386 561 1465 enim,
579 1385 637 1472 qui
654 1385 748 1472 sequi
767 1386 957 1467 noluerant,
973 1387 1058 1462 inter
1073 1407 1159 1472 quos
1174 1401 1209 1447 et

133 1491 169 1553 C.
190 1490 318 1553 Cassius
339 1505 427 1552 recta
449 1487 614 1575 profectus
632 1485 674 1550 ad
691 1488 847 1552 caesarem
866 1504 953 1568 erat3
973 1504 1080 1551 tamen
1097 1487 1209 1576 plures

133 1590 245 1655 elecem
263 1590 405 1654 millibus
422 1589 544 1654 eduxit.

178 1692 357 1754 LXXXVI.
380 1689 445 1753 Sed
466 1691 542 1777 quia
560 1712 619 1777 per
635 1691 814 1778 squalentia
832 1692 904 1755 loca
920 1689 1141 1780 proficiscenti
1166 1692 1208 1754 ti·

133 1792 251 1856 menda
267 1792 376 1880 inopia
392 1814 552 1879 aquarum
570 1807 656 1873 erat,
673 1815 824 1881 magnam
838 1794 1006 1856 asinorum
1023 1792 1210 1856 multitudi-

135 1917 210 1957 nem
224 1894 371 1957 unemvit
387 1892 516 1957 utribus
531 1915 538 1956 τ
553 1893 695 1982 plaustra
706 1917 839 1981 quoque
852 1894 954 1958 multa
966 1916 1077 1958 secum
1091 1895 1208 1975 traxit,

132 2012 165 2059 et
180 1994 333 2058 adversus
349 2016 474 2058 venena
492 1995 694 2081 serpentium
712 1995 857 2082 Psyllos,
869 1996 926 2083 qui
942 2014 975 2060 et
988 2018 1145 2085 exsugere
1159 1996 1209 2060 vi·

133 2116 189 2157 rus
206 2117 245 2158 ex
260 2093 450 2158 vulneribus
466 2110 560 2159 erant
578 2096 684 2175 soliti,
707 2112 740 2159 et
760 2096 959 2160 carminibus
975 2098 1041 2160 vim
1064 2099 1209 2163 nocendi

133 2195 291 2284 anguium
317 2194 481 2260 hebetare.
507 2196 565 2260 His
587 2197 632 2260 ita
654 2198 858 2283 preparatis,
878 2221 1065 2287 quanquam
1089 2200 1209 2265 bruma

133 2313 211 2378 erat,
220 2320 289 2385 quo
305 2297 383 2360 anni
396 2313 544 2386 tempore
562 2298 674 2362 mitius
691 2300 798 2362 uritur
814 2321 852 2364 ea
867 2301 973 2389 regio,
989 2324 1047 2388 per
1062 2318 1207 2367 aestatem

131 2400 200 2463 sole
215 2398 356 2481 torrida,
381 2416 414 2463 et
434 2401 555 2488 sperari
577 2400 693 2487 pluviae
718 2415 885 2488 poterant,
903 2401 1014 2467 divisis
1038 2403 1070 2466 in
1097 2421 1209 2491 partes

132 2503 255 2590 copiis,
273 2525 339 2590 quo
358 2503 564 2567 commodius
579 2518 798 2590 aquarentur,
818 2504 1130 2592 periculosissimum
1147 2507 1211 2571 iter

131 2605 298 2692 ingressus
322 2621 381 2669 est.
403 2607 476 2692 Ipse
500 2604 599 2693 pedes
624 2621 699 2670 ante
720 2606 812 2694 signa
829 2607 912 2688 ibat,
929 2607 1048 2671 laboris
1071 2607 1209 2697 sitisque

132 2729 199 2794 prae
213 2706 282 2769 aliis
296 2707 439 2794 patiens,
453 2706 581 2792 totique
598 2707 752 2770 exercitui
770 2707 972 2795 exemplum,
989 2725 1021 2772 et
1034 2706 1208 2773 deficiendi

133 2807 251 2895 pudor.
266 2808 328 2871 Per
341 2830 476 2872 arenosa
495 2807 584 2887 loca,
602 2808 633 2869 in
653 2807 773 2894 quibus
792 2808 986 2896 plerumque
1001 2809 1126 2874 viarum
1147 2834 1210 2877 no·

132 2925 179 2972 tas
196 2908 421 2972 violentissimi
446 2905 542 2971 llatus
565 2907 715 2988 abolent,
740 2930 823 2997 aegre
845 2909 887 2974 ad
907 2911 1077 2976 Ammonis
1102 2913 1206 2977 aedem

130 3026 335 3097 perventum.

175 3113 371 3176 LXXXVII.
404 3112 454 3176 Ibi
481 3112 609 3176 refectis
636 3112 787 3176 nonnihil
813 3115 929 3202 copiis,
953 3117 1116 3204 reliquum
1145 3117 1209 3181 iter

130 3212 288 3277 absolvit:
309 3213 489 3295 tricesimo,
507 3236 605 3301 quam
627 3230 695 3278 erat
715 3216 850 3301 Cyrenis
869 3217 1055 3304 profectus,
1076 3216 1129 3281 die
1147 3219 1209 3282 cir·

131 3337 337 3404 cumgressus
351 3330 400 3378 est
416 3315 545 3402 Syrtin;
560 3314 636 3378 inde
652 3316 721 3403 pari
734 3317 836 3381 ferme
852 3321 1008 3406 temporis
1025 3320 1131 3408 spatio
1148 3343 1210 3408 per

129 3418 264 3481 cultiora
290 3417 387 3505 paulo
403 3417 473 3491 loca
498 3417 614 3504 Leptin
639 3434 793 3502 ventum,
817 3441 890 3507 quae
916 3422 1027 3484 Minor
1047 3439 1209 3501 vocatur,

129 3519 243 3607 ibique
260 3519 384 3606 reliqua
400 3541 474 3606 pars
491 3518 608 3583 hiemis
625 3519 667 3584 ad
686 3522 829 3608 quietem
846 3523 940 3586 militi
957 3546 1119 3588 concessa.
1143 3524 1209 3587 Sed

129 3620 327 3685 Mithridatis
345 3618 430 3684 filius
449 3620 648 3702 Pharnaces,
669 3623 840 3687 occasione
863 3617 1049 3711 temporum
1066 3647 1208 3707 usurus,

129 3721 395 3809 Phanagorenses
414 3721 472 3786 diu
493 3739 721 3812 oppugnatos,
739 3747 815 3788 mox
833 3725 1027 3790 Colcltidem
1050 3749 1209 3809 omnem,

164 3955 180 4021 §
192 3958 321 4004 txxxv.
333 3955 396 4006 Plut.
408 3956 434 4005 ln
444 3958 498 4008 Cat.
511 3986 546 3995 -·
558 3958 610 4007 ttv.
622 3958 690 4024 Epic.
697 3987 732 3996 -
740 3960 804 4010 velt.
815 3964 854 4020 11,
867 3961 908 4018 tt.
922 3990 958 3999 —
971 3963 1051 4011 Strsb.
1060 3963 1104 4011 lib.
1116 3965 1193 4012 XVII
1202 4002 1210 4024 ,

128 4059 154 4105 p.
164 4041 223 4088 836.
233 4042 366 4088 —Lucam
375 4044 413 4097 X,
424 4043 483 4101 37¹·
494 4069 528 4078 -
539 4043 597 4090 Dio.
610 4069 643 4080 ·-
655 4043 708 4093 Cic.
721 4043 753 4091 atl
763 4045 848 4094 Famil.
859 4046 918 4105 XV,
931 4047 970 4093 15.
985 4073 1019 4082 -
1031 4045 1048 4110 S
1058 4048 1209 4095 txxxvt·

127 4125 180 4173 tir.
191 4124 258 4189 Epit.
270 4152 305 4162 -
315 4124 379 4174 Vell.
395 4154 429 4163 —
439 4126 502 4174 I‘lut.
516 4154 551 4165 -
562 4127 652 4175 Lucan.
665 4129 705 4185 X,
716 4128 747 4174 tr
756 4144 776 4177 ι.
