<?xml version="1.0" encoding="UTF-8"?>
<!DOCTYPE html PUBLIC "-//W3C//DTD XHTML 1.0 Transitional//EN"
    "http://www.w3.org/TR/xhtml1/DTD/xhtml1-transitional.dtd">
<html xmlns="http://www.w3.org/1999/xhtml" xml:lang="en" lang="en">
 <head>
  <title>
</title>
<meta http-equiv="Content-Type" content="text/html;charset=utf-8" />
  <meta name='ocr-system' content='tesseract 3.04.00' />
  <meta name='ocr-capabilities' content='ocr_page ocr_carea ocr_par ocr_line ocrx_word'/>
</head>
<body>
  <div class='ocr_page' id='page_1' title='image "bibliothecaclas28lemagoog_0062.png"; bbox 0 0 2686 4822; ppageno 0'>
   <div class='ocr_carea' id='block_1_1' title="bbox 248 392 1142 495">
    <p class='ocr_par' dir='ltr' id='par_1_1' title="bbox 248 392 1142 495">
     <span class='ocr_line' id='line_1_1' title="bbox 248 392 1142 495; baseline 0.012 -34"><span class='ocrx_word' id='word_1_1' title='bbox 248 392 303 461; x_wconf 87' lang='lat' dir='ltr'><strong>IN</strong></span> <span class='ocrx_word' id='word_1_2' title='bbox 331 395 445 463; x_wconf 92' lang='lat' dir='ltr'><strong>LOC.</strong></span> <span class='ocrx_word' id='word_1_3' title='bbox 471 396 566 463; x_wconf 82' lang='lat' dir='ltr'><strong>Llu.</strong></span> <span class='ocrx_word' id='word_1_4' title='bbox 593 398 726 465; x_wconf 85' lang='lat' dir='ltr'>CXIII</span> <span class='ocrx_word' id='word_1_5' title='bbox 758 399 969 470; x_wconf 85' lang='lat' dir='ltr'>LIVIANI.</span> <span class='ocrx_word' id='word_1_6' title='bbox 1095 407 1142 495; x_wconf 63' lang='lat' dir='ltr'><strong>iq</strong></span> 
     </span>
    </p>
   </div>
   <div class='ocr_carea' id='block_1_2' title="bbox 58 509 1200 3940">
    <p class='ocr_par' dir='ltr' id='par_1_2' title="bbox 58 509 1148 1615">
     <span class='ocr_line' id='line_1_2' title="bbox 61 509 1145 604; baseline 0.005 -23"><span class='ocrx_word' id='word_1_7' title='bbox 61 533 240 581; x_wconf 80' lang='lat' dir='ltr'><strong>sacrorum</strong></span> <span class='ocrx_word' id='word_1_8' title='bbox 259 509 485 578; x_wconf 77' lang='lat' dir='ltr'><strong>crudelitatem</strong></span> <span class='ocrx_word' id='word_1_9' title='bbox 507 516 676 603; x_wconf 81' lang='lat' dir='ltr'><strong>patefecit,</strong></span> <span class='ocrx_word' id='word_1_10' title='bbox 696 517 832 604; x_wconf 87' lang='lat' dir='ltr'><strong>repertis</strong></span> <span class='ocrx_word' id='word_1_11' title='bbox 853 518 898 582; x_wconf 93' lang='lat' dir='ltr'><strong>ibi</strong></span> <span class='ocrx_word' id='word_1_12' title='bbox 915 517 1067 585; x_wconf 87' lang='lat' dir='ltr'><strong>fictilibus</strong></span> <span class='ocrx_word' id='word_1_13' title='bbox 1083 523 1145 586; x_wconf 91' lang='lat' dir='ltr'><strong>hu·</strong></span> 
     </span>
     <span class='ocr_line' id='line_1_3' title="bbox 62 614 1145 706; baseline 0.006 -25"><span class='ocrx_word' id='word_1_14' title='bbox 62 636 169 681; x_wconf 84' lang='lat' dir='ltr'><strong>mana</strong></span> <span class='ocrx_word' id='word_1_15' title='bbox 183 636 281 679; x_wconf 88' lang='lat' dir='ltr'><strong>carne</strong></span> <span class='ocrx_word' id='word_1_16' title='bbox 300 614 415 703; x_wconf 90' lang='lat' dir='ltr'><strong>plenis.</strong></span> <span class='ocrx_word' id='word_1_17' title='bbox 440 617 513 680; x_wconf 88' lang='lat' dir='ltr'><strong>Hoc</strong></span> <span class='ocrx_word' id='word_1_18' title='bbox 529 631 637 680; x_wconf 88' lang='lat' dir='ltr'><strong>autem</strong></span> <span class='ocrx_word' id='word_1_19' title='bbox 652 639 759 698; x_wconf 87' lang='lat' dir='ltr'><strong>anno,</strong></span> <span class='ocrx_word' id='word_1_20' title='bbox 782 640 849 706; x_wconf 92' lang='lat' dir='ltr'><strong>quo</strong></span> <span class='ocrx_word' id='word_1_21' title='bbox 861 619 1095 687; x_wconf 80' lang='lat' dir='ltr'><strong>Alexandrinos</strong></span> <span class='ocrx_word' id='word_1_22' title='bbox 1112 642 1145 688; x_wconf 91' lang='lat' dir='ltr'><strong>et</strong></span> 
     </span>
     <span class='ocr_line' id='line_1_4' title="bbox 61 716 1144 806; baseline 0.006 -23"><span class='ocrx_word' id='word_1_23' title='bbox 61 718 273 783; x_wconf 81' lang='lat' dir='ltr'>Pharnacem</span> <span class='ocrx_word' id='word_1_24' title='bbox 291 716 369 780; x_wconf 84' lang='lat' dir='ltr'><strong>vicit</strong></span> <span class='ocrx_word' id='word_1_25' title='bbox 384 719 500 800; x_wconf 88' lang='lat' dir='ltr'><strong>Caesar,</strong></span> <span class='ocrx_word' id='word_1_26' title='bbox 518 740 653 806; x_wconf 90' lang='lat' dir='ltr'><strong>magnus</strong></span> <span class='ocrx_word' id='word_1_27' title='bbox 667 734 760 782; x_wconf 82' lang='lat' dir='ltr'><strong>terrae</strong></span> <span class='ocrx_word' id='word_1_28' title='bbox 771 735 881 783; x_wconf 90' lang='lat' dir='ltr'><strong>motus</strong></span> <span class='ocrx_word' id='word_1_29' title='bbox 898 723 1036 805; x_wconf 83' lang='lat' dir='ltr'><strong>exstitit3</strong></span> <span class='ocrx_word' id='word_1_30' title='bbox 1053 724 1144 791; x_wconf 91' lang='lat' dir='ltr'><strong>bubo</strong></span> 
     </span>
     <span class='ocr_line' id='line_1_5' title="bbox 60 817 1145 907; baseline 0.006 -24"><span class='ocrx_word' id='word_1_31' title='bbox 60 832 267 906; x_wconf 85' lang='lat' dir='ltr'><strong>conspectus</strong></span> <span class='ocrx_word' id='word_1_32' title='bbox 284 832 350 898; x_wconf 82' lang='lat' dir='ltr'><strong>est3</strong></span> <span class='ocrx_word' id='word_1_33' title='bbox 367 817 507 882; x_wconf 81' lang='lat' dir='ltr'><strong>fulmina</strong></span> <span class='ocrx_word' id='word_1_34' title='bbox 521 819 718 907; x_wconf 80' lang='lat' dir='ltr'><strong>Capitolium</strong></span> <span class='ocrx_word' id='word_1_35' title='bbox 737 834 770 884; x_wconf 91' lang='lat' dir='ltr'><strong>et</strong></span> <span class='ocrx_word' id='word_1_36' title='bbox 785 820 898 885; x_wconf 86' lang='lat' dir='ltr'><strong>sanum</strong></span> <span class='ocrx_word' id='word_1_37' title='bbox 915 825 1067 889; x_wconf 82' lang='lat' dir='ltr'><strong>Fortnnae</strong></span> <span class='ocrx_word' id='word_1_38' title='bbox 1082 827 1145 890; x_wconf 90' lang='lat' dir='ltr'><strong>Pu·</strong></span> 
     </span>
     <span class='ocr_line' id='line_1_6' title="bbox 60 918 1144 1015; baseline 0.006 -30"><span class='ocrx_word' id='word_1_39' title='bbox 60 920 183 1002; x_wconf 69' lang='lat' dir='ltr'><strong>blico,</strong></span> <span class='ocrx_word' id='word_1_40' title='bbox 196 919 393 1007; x_wconf 72' lang='lat' dir='ltr'><strong>Caesarisque</strong></span> <span class='ocrx_word' id='word_1_41' title='bbox 408 918 538 1002; x_wconf 89' lang='lat' dir='ltr'><strong>hortos,</strong></span> <span class='ocrx_word' id='word_1_42' title='bbox 553 935 586 984; x_wconf 94' lang='lat' dir='ltr'><strong>et</strong></span> <span class='ocrx_word' id='word_1_43' title='bbox 605 921 639 984; x_wconf 93' lang='lat' dir='ltr'><strong>in</strong></span> <span class='ocrx_word' id='word_1_44' title='bbox 660 920 699 984; x_wconf 92' lang='lat' dir='ltr'><strong>iis</strong></span> <span class='ocrx_word' id='word_1_45' title='bbox 715 943 838 1010; x_wconf 90' lang='lat' dir='ltr'><strong>equum</strong></span> <span class='ocrx_word' id='word_1_46' title='bbox 856 945 894 987; x_wconf 86' lang='lat' dir='ltr'><strong>ex</strong></span> <span class='ocrx_word' id='word_1_47' title='bbox 912 923 1144 1015; x_wconf 79' lang='lat' dir='ltr'><strong>insignioribus</strong></span> 
     </span>
     <span class='ocr_line' id='line_1_7' title="bbox 60 1021 1145 1111; baseline 0.007 -27"><span class='ocrx_word' id='word_1_48' title='bbox 60 1037 319 1111; x_wconf 84' lang='lat' dir='ltr'><strong>percusserunt,</strong></span> <span class='ocrx_word' id='word_1_49' title='bbox 337 1037 370 1084; x_wconf 92' lang='lat' dir='ltr'><strong>et</strong></span> <span class='ocrx_word' id='word_1_50' title='bbox 383 1021 536 1085; x_wconf 84' lang='lat' dir='ltr'><strong>Fortunoe</strong></span> <span class='ocrx_word' id='word_1_51' title='bbox 550 1021 710 1109; x_wconf 92' lang='lat' dir='ltr'><strong>templum</strong></span> <span class='ocrx_word' id='word_1_52' title='bbox 726 1038 843 1109; x_wconf 91' lang='lat' dir='ltr'><strong>sponte</strong></span> <span class='ocrx_word' id='word_1_53' title='bbox 857 1024 972 1111; x_wconf 88' lang='lat' dir='ltr'><strong>patuit.</strong></span> <span class='ocrx_word' id='word_1_54' title='bbox 989 1027 1145 1091; x_wconf 84' lang='lat' dir='ltr'><strong>Praeteren</strong></span> 
     </span>
     <span class='ocr_line' id='line_1_8' title="bbox 58 1106 1145 1215; baseline 0.008 -30"><span class='ocrx_word' id='word_1_55' title='bbox 58 1121 205 1211; x_wconf 81' lang='lat' dir='ltr'><strong>sanguis</strong></span> <span class='ocrx_word' id='word_1_56' title='bbox 220 1143 239 1185; x_wconf 93' lang='lat' dir='ltr'><strong>e</strong></span> <span class='ocrx_word' id='word_1_57' title='bbox 255 1121 394 1208; x_wconf 83' lang='lat' dir='ltr'><strong>pistrino</strong></span> <span class='ocrx_word' id='word_1_58' title='bbox 409 1119 552 1201; x_wconf 82' lang='lat' dir='ltr'><strong>effusus,</strong></span> <span class='ocrx_word' id='word_1_59' title='bbox 570 1120 672 1186; x_wconf 83' lang='lat' dir='ltr'><strong>aedem</strong></span> <span class='ocrx_word' id='word_1_60' title='bbox 685 1106 839 1186; x_wconf 56' lang='lat' dir='ltr'><strong>Fortu&#39;nae</strong></span> <span class='ocrx_word' id='word_1_61' title='bbox 856 1125 1057 1215; x_wconf 84' lang='lat' dir='ltr'><strong>Primigeniae</strong></span> <span class='ocrx_word' id='word_1_62' title='bbox 1071 1130 1145 1194; x_wconf 88' lang='lat' dir='ltr'><strong>atti·</strong></span> 
     </span>
     <span class='ocr_line' id='line_1_9' title="bbox 60 1221 1146 1314; baseline 0.006 -27"><span class='ocrx_word' id='word_1_63' title='bbox 60 1224 138 1314; x_wconf 87' lang='lat' dir='ltr'><strong>git;</strong></span> <span class='ocrx_word' id='word_1_64' title='bbox 162 1239 196 1287; x_wconf 88' lang='lat' dir='ltr'><strong>et</strong></span> <span class='ocrx_word' id='word_1_65' title='bbox 212 1222 352 1287; x_wconf 85' lang='lat' dir='ltr'><strong>infantes</strong></span> <span class='ocrx_word' id='word_1_66' title='bbox 367 1221 494 1309; x_wconf 82' lang='lat' dir='ltr'><strong>aliquot</strong></span> <span class='ocrx_word' id='word_1_67' title='bbox 509 1222 655 1288; x_wconf 83' lang='lat' dir='ltr'><strong>sinistras</strong></span> <span class='ocrx_word' id='word_1_68' title='bbox 675 1224 710 1286; x_wconf 92' lang='lat' dir='ltr'><strong>in</strong></span> <span class='ocrx_word' id='word_1_69' title='bbox 728 1224 887 1312; x_wconf 82' lang='lat' dir='ltr'><strong>capitibus</strong></span> <span class='ocrx_word' id='word_1_70' title='bbox 904 1226 1062 1295; x_wconf 86' lang='lat' dir='ltr'><strong>habentes</strong></span> <span class='ocrx_word' id='word_1_71' title='bbox 1078 1232 1146 1295; x_wconf 88' lang='lat' dir='ltr'><strong>nati</strong></span> 
     </span>
     <span class='ocr_line' id='line_1_10' title="bbox 60 1323 1148 1417; baseline 0.003 -25"><span class='ocrx_word' id='word_1_72' title='bbox 60 1323 217 1392; x_wconf 84' lang='lat' dir='ltr'><strong>sunt.1d</strong></span> <span class='ocrx_word' id='word_1_73' title='bbox 233 1324 373 1389; x_wconf 86' lang='lat' dir='ltr'><strong>maxime</strong></span> <span class='ocrx_word' id='word_1_74' title='bbox 389 1339 516 1388; x_wconf 90' lang='lat' dir='ltr'><strong>certum</strong></span> <span class='ocrx_word' id='word_1_75' title='bbox 535 1344 606 1388; x_wconf 85' lang='lat' dir='ltr'><strong>esse</strong></span> <span class='ocrx_word' id='word_1_76' title='bbox 619 1346 719 1389; x_wconf 84' lang='lat' dir='ltr'><strong>versae</strong></span> <span class='ocrx_word' id='word_1_77' title='bbox 734 1326 875 1390; x_wconf 83' lang='lat' dir='ltr'><strong>tortunae</strong></span> <span class='ocrx_word' id='word_1_78' title='bbox 890 1329 1099 1417; x_wconf 84' lang='lat' dir='ltr'><strong>praesagium,</strong></span> <span class='ocrx_word' id='word_1_79' title='bbox 1113 1347 1148 1395; x_wconf 88' lang='lat' dir='ltr'><strong>et</strong></span> 
     </span>
     <span class='ocr_line' id='line_1_11' title="bbox 59 1423 1146 1516; baseline 0.006 -25"><span class='ocrx_word' id='word_1_80' title='bbox 59 1425 290 1491; x_wconf 85' lang='lat' dir='ltr'><strong>deterioribus</strong></span> <span class='ocrx_word' id='word_1_81' title='bbox 302 1425 337 1488; x_wconf 93' lang='lat' dir='ltr'><strong>in</strong></span> <span class='ocrx_word' id='word_1_82' title='bbox 350 1423 500 1488; x_wconf 89' lang='lat' dir='ltr'><strong>meliores</strong></span> <span class='ocrx_word' id='word_1_83' title='bbox 514 1423 687 1513; x_wconf 90' lang='lat' dir='ltr'><strong>imperium</strong></span> <span class='ocrx_word' id='word_1_84' title='bbox 702 1424 770 1489; x_wconf 87' lang='lat' dir='ltr'><strong>dari</strong></span> <span class='ocrx_word' id='word_1_85' title='bbox 787 1426 972 1516; x_wconf 86' lang='lat' dir='ltr'><strong>haruspices</strong></span> <span class='ocrx_word' id='word_1_86' title='bbox 983 1453 1146 1497; x_wconf 85' lang='lat' dir='ltr'><strong>assevera-</strong></span> 
     </span>
     <span class='ocr_line' id='line_1_12' title="bbox 61 1524 541 1615; baseline -0.006 -22"><span class='ocrx_word' id='word_1_87' title='bbox 61 1542 170 1609; x_wconf 85' lang='lat' dir='ltr'><strong>runt,</strong></span> <span class='ocrx_word' id='word_1_88' title='bbox 184 1544 218 1591; x_wconf 91' lang='lat' dir='ltr'><strong>et</strong></span> <span class='ocrx_word' id='word_1_89' title='bbox 232 1526 375 1615; x_wconf 88' lang='lat' dir='ltr'><strong>populus</strong></span> <span class='ocrx_word' id='word_1_90' title='bbox 392 1524 541 1590; x_wconf 89' lang='lat' dir='ltr'><strong>credidit.</strong></span> 
     </span>
    </p>

    <p class='ocr_par' dir='ltr' id='par_1_3' title="bbox 59 1627 1200 2629">
     <span class='ocr_line' id='line_1_13' title="bbox 112 1627 1146 1719; baseline 0 -23"><span class='ocrx_word' id='word_1_91' title='bbox 112 1630 225 1696; x_wconf 83' lang='lat' dir='ltr'><strong>XXX.</strong></span> <span class='ocrx_word' id='word_1_92' title='bbox 244 1630 302 1693; x_wconf 87' lang='lat' dir='ltr'><strong>His</strong></span> <span class='ocrx_word' id='word_1_93' title='bbox 316 1628 415 1692; x_wconf 90' lang='lat' dir='ltr'><strong>rebus</strong></span> <span class='ocrx_word' id='word_1_94' title='bbox 432 1627 543 1691; x_wconf 86' lang='lat' dir='ltr'><strong>anxias</strong></span> <span class='ocrx_word' id='word_1_95' title='bbox 558 1642 700 1709; x_wconf 89' lang='lat' dir='ltr'><strong>mentes,</strong></span> <span class='ocrx_word' id='word_1_96' title='bbox 715 1628 817 1716; x_wconf 90' lang='lat' dir='ltr'><strong>magis</strong></span> <span class='ocrx_word' id='word_1_97' title='bbox 836 1630 950 1711; x_wconf 86' lang='lat' dir='ltr'><strong>etiam,</strong></span> <span class='ocrx_word' id='word_1_98' title='bbox 966 1653 1040 1719; x_wconf 78' lang='lat' dir='ltr'><strong>qum</strong></span> <span class='ocrx_word' id='word_1_99' title='bbox 1054 1631 1146 1697; x_wconf 86' lang='lat' dir='ltr'><strong>vide·</strong></span> 
     </span>
     <span class='ocr_line' id='line_1_14' title="bbox 59 1727 1145 1813; baseline 0.001 -16"><span class='ocrx_word' id='word_1_100' title='bbox 59 1733 168 1813; x_wconf 82' lang='lat' dir='ltr'><strong>bant,</strong></span> <span class='ocrx_word' id='word_1_101' title='bbox 180 1745 378 1796; x_wconf 88' lang='lat' dir='ltr'><strong>terruerunt.</strong></span> <span class='ocrx_word' id='word_1_102' title='bbox 392 1730 474 1795; x_wconf 86' lang='lat' dir='ltr'><strong>Nam</strong></span> <span class='ocrx_word' id='word_1_103' title='bbox 487 1727 635 1793; x_wconf 84' lang='lat' dir='ltr'><strong>kalendis</strong></span> <span class='ocrx_word' id='word_1_104' title='bbox 645 1729 754 1793; x_wconf 82' lang='lat' dir='ltr'><strong>statim</strong></span> <span class='ocrx_word' id='word_1_105' title='bbox 763 1729 918 1810; x_wconf 83' lang='lat' dir='ltr'><strong>januariis</strong></span> <span class='ocrx_word' id='word_1_106' title='bbox 928 1733 973 1796; x_wconf 89' lang='lat' dir='ltr'><strong>M.</strong></span> <span class='ocrx_word' id='word_1_107' title='bbox 983 1735 1145 1799; x_wconf 87' lang='lat' dir='ltr'><strong>Antonius</strong></span> 
     </span>
     <span class='ocr_line' id='line_1_15' title="bbox 61 1831 1200 1923; baseline -0.002 -24"><span class='ocrx_word' id='word_1_108' title='bbox 61 1832 225 1923; x_wconf 82' lang='lat' dir='ltr'><strong>magister</strong></span> <span class='ocrx_word' id='word_1_109' title='bbox 245 1831 417 1920; x_wconf 84' lang='lat' dir='ltr'><strong>equitnm,</strong></span> <span class='ocrx_word' id='word_1_110' title='bbox 442 1846 559 1894; x_wconf 87' lang='lat' dir='ltr'><strong>senatu</strong></span> <span class='ocrx_word' id='word_1_111' title='bbox 582 1846 782 1910; x_wconf 88' lang='lat' dir='ltr'><strong>convocato,</strong></span> <span class='ocrx_word' id='word_1_112' title='bbox 804 1847 1011 1918; x_wconf 77' lang='lat' dir='ltr'><strong>praetextatus</strong></span> <span class='ocrx_word' id='word_1_113' title='bbox 1035 1850 1068 1897; x_wconf 90' lang='lat' dir='ltr'><strong>et</strong></span> <span class='ocrx_word' id='word_1_114' title='bbox 1090 1856 1146 1898; x_wconf 86' lang='lat' dir='ltr'><strong>sex</strong></span> <span class='ocrx_word' id='word_1_115' title='bbox 1197 1874 1200 1883; x_wconf 92' lang='lat'>·</span> 
     </span>
     <span class='ocr_line' id='line_1_16' title="bbox 61 1929 1147 2023; baseline 0 -24"><span class='ocrx_word' id='word_1_116' title='bbox 61 1934 210 2023; x_wconf 84' lang='lat' dir='ltr'><strong>stipatus</strong></span> <span class='ocrx_word' id='word_1_117' title='bbox 224 1931 410 2009; x_wconf 81' lang='lat' dir='ltr'><strong>lictoribus,</strong></span> <span class='ocrx_word' id='word_1_118' title='bbox 426 1930 567 2019; x_wconf 87' lang='lat' dir='ltr'><strong>speciem</strong></span> <span class='ocrx_word' id='word_1_119' title='bbox 583 1929 758 2017; x_wconf 88' lang='lat' dir='ltr'><strong>quamdam</strong></span> <span class='ocrx_word' id='word_1_120' title='bbox 770 1932 884 2019; x_wconf 83' lang='lat' dir='ltr'><strong>priscae</strong></span> <span class='ocrx_word' id='word_1_121' title='bbox 893 1933 1080 2020; x_wconf 79' lang='lat' dir='ltr'><strong>reipublicae</strong></span> <span class='ocrx_word' id='word_1_122' title='bbox 1093 1958 1147 1999; x_wconf 84' lang='lat' dir='ltr'><strong>ex-</strong></span> 
     </span>
     <span class='ocr_line' id='line_1_17' title="bbox 61 2030 1146 2120; baseline -0.003 -19"><span class='ocrx_word' id='word_1_123' title='bbox 61 2035 226 2101; x_wconf 83' lang='lat' dir='ltr'><strong>hibebat:</strong></span> <span class='ocrx_word' id='word_1_124' title='bbox 240 2032 298 2098; x_wconf 87' lang='lat' dir='ltr'><strong>sed</strong></span> <span class='ocrx_word' id='word_1_125' title='bbox 313 2030 445 2120; x_wconf 86' lang='lat' dir='ltr'><strong>quando</strong></span> <span class='ocrx_word' id='word_1_126' title='bbox 464 2053 525 2095; x_wconf 93' lang='lat' dir='ltr'><strong>nec</strong></span> <span class='ocrx_word' id='word_1_127' title='bbox 541 2031 657 2095; x_wconf 88' lang='lat' dir='ltr'><strong>consul</strong></span> <span class='ocrx_word' id='word_1_128' title='bbox 674 2054 830 2119; x_wconf 84' lang='lat' dir='ltr'><strong>usquam,</strong></span> <span class='ocrx_word' id='word_1_129' title='bbox 848 2053 909 2096; x_wconf 93' lang='lat' dir='ltr'><strong>nec</strong></span> <span class='ocrx_word' id='word_1_130' title='bbox 924 2049 1045 2120; x_wconf 87' lang='lat' dir='ltr'><strong>praetor</strong></span> <span class='ocrx_word' id='word_1_131' title='bbox 1060 2034 1146 2099; x_wconf 87' lang='lat' dir='ltr'><strong>ullus</strong></span> 
     </span>
     <span class='ocr_line' id='line_1_18' title="bbox 61 2131 1146 2223; baseline -0.003 -22"><span class='ocrx_word' id='word_1_132' title='bbox 61 2152 160 2217; x_wconf 86' lang='lat' dir='ltr'><strong>erat,</strong></span> <span class='ocrx_word' id='word_1_133' title='bbox 181 2134 224 2200; x_wconf 88' lang='lat' dir='ltr'><strong>ad</strong></span> <span class='ocrx_word' id='word_1_134' title='bbox 243 2133 312 2199; x_wconf 82' lang='lat' dir='ltr'><strong>haec</strong></span> <span class='ocrx_word' id='word_1_135' title='bbox 327 2132 435 2223; x_wconf 85' lang='lat' dir='ltr'><strong>gladio</strong></span> <span class='ocrx_word' id='word_1_136' title='bbox 451 2133 580 2197; x_wconf 89' lang='lat' dir='ltr'><strong>cinctus</strong></span> <span class='ocrx_word' id='word_1_137' title='bbox 598 2131 667 2219; x_wconf 89' lang='lat' dir='ltr'><strong>ipse</strong></span> <span class='ocrx_word' id='word_1_138' title='bbox 685 2131 929 2196; x_wconf 86' lang='lat' dir='ltr'><strong>multitudinem</strong></span> <span class='ocrx_word' id='word_1_139' title='bbox 948 2156 1060 2198; x_wconf 87' lang='lat' dir='ltr'><strong>secum</strong></span> <span class='ocrx_word' id='word_1_140' title='bbox 1079 2152 1146 2199; x_wconf 86' lang='lat' dir='ltr'><strong>tra·</strong></span> 
     </span>
     <span class='ocr_line' id='line_1_19' title="bbox 63 2232 1145 2322; baseline -0.002 -21"><span class='ocrx_word' id='word_1_141' title='bbox 63 2236 172 2302; x_wconf 76' lang='lat' dir='ltr'><strong>hebet</strong></span> <span class='ocrx_word' id='word_1_142' title='bbox 187 2233 346 2314; x_wconf 90' lang='lat' dir='ltr'><strong>militum,</strong></span> <span class='ocrx_word' id='word_1_143' title='bbox 365 2248 398 2296; x_wconf 88' lang='lat' dir='ltr'><strong>et</strong></span> <span class='ocrx_word' id='word_1_144' title='bbox 413 2232 524 2295; x_wconf 91' lang='lat' dir='ltr'><strong>omnia</strong></span> <span class='ocrx_word' id='word_1_145' title='bbox 541 2254 602 2319; x_wconf 84' lang='lat' dir='ltr'><strong>pro</strong></span> <span class='ocrx_word' id='word_1_146' title='bbox 617 2247 775 2318; x_wconf 82' lang='lat' dir='ltr'><strong>potestate</strong></span> <span class='ocrx_word' id='word_1_147' title='bbox 794 2232 927 2322; x_wconf 87' lang='lat' dir='ltr'><strong>agebat;</strong></span> <span class='ocrx_word' id='word_1_148' title='bbox 942 2236 1066 2298; x_wconf 88' lang='lat' dir='ltr'><strong>nemini</strong></span> <span class='ocrx_word' id='word_1_149' title='bbox 1082 2236 1145 2299; x_wconf 89' lang='lat' dir='ltr'><strong>du-</strong></span> 
     </span>
     <span class='ocr_line' id='line_1_20' title="bbox 64 2333 1145 2424; baseline -0.004 -21"><span class='ocrx_word' id='word_1_150' title='bbox 64 2340 165 2403; x_wconf 89' lang='lat' dir='ltr'><strong>bium</strong></span> <span class='ocrx_word' id='word_1_151' title='bbox 187 2359 259 2401; x_wconf 86' lang='lat' dir='ltr'><strong>esse</strong></span> <span class='ocrx_word' id='word_1_152' title='bbox 281 2350 427 2424; x_wconf 88' lang='lat' dir='ltr'><strong>poterat,</strong></span> <span class='ocrx_word' id='word_1_153' title='bbox 449 2357 469 2397; x_wconf 89' lang='lat' dir='ltr'><strong>a</strong></span> <span class='ocrx_word' id='word_1_154' title='bbox 492 2333 593 2422; x_wconf 83' lang='lat' dir='ltr'><strong>priori</strong></span> <span class='ocrx_word' id='word_1_155' title='bbox 617 2333 720 2397; x_wconf 79' lang='lat' dir='ltr'><strong>forma</strong></span> <span class='ocrx_word' id='word_1_156' title='bbox 745 2335 907 2397; x_wconf 87' lang='lat' dir='ltr'><strong>civitatem</strong></span> <span class='ocrx_word' id='word_1_157' title='bbox 930 2333 972 2398; x_wconf 87' lang='lat' dir='ltr'><strong>ad</strong></span> <span class='ocrx_word' id='word_1_158' title='bbox 993 2352 1145 2400; x_wconf 68' lang='lat' dir='ltr'><strong>extremae</strong></span> 
     </span>
     <span class='ocr_line' id='line_1_21' title="bbox 65 2434 1146 2525; baseline -0.004 -20"><span class='ocrx_word' id='word_1_159' title='bbox 65 2438 238 2505; x_wconf 78' lang='lat' dir='ltr'><strong>servitutis</strong></span> <span class='ocrx_word' id='word_1_160' title='bbox 258 2437 414 2501; x_wconf 86' lang='lat' dir='ltr'><strong>vilitatem</strong></span> <span class='ocrx_word' id='word_1_161' title='bbox 439 2435 619 2500; x_wconf 85' lang='lat' dir='ltr'><strong>descivisse.</strong></span> <span class='ocrx_word' id='word_1_162' title='bbox 641 2434 763 2498; x_wconf 85' lang='lat' dir='ltr'><strong>Urebat</strong></span> <span class='ocrx_word' id='word_1_163' title='bbox 782 2435 879 2498; x_wconf 85' lang='lat' dir='ltr'><strong>etiam</strong></span> <span class='ocrx_word' id='word_1_164' title='bbox 900 2435 1026 2499; x_wconf 89' lang='lat' dir='ltr'><strong>animos</strong></span> <span class='ocrx_word' id='word_1_165' title='bbox 1048 2459 1146 2525; x_wconf 86' lang='lat' dir='ltr'><strong>supra</strong></span> 
     </span>
     <span class='ocr_line' id='line_1_22' title="bbox 65 2535 1142 2629; baseline -0.002 -23"><span class='ocrx_word' id='word_1_166' title='bbox 65 2540 280 2607; x_wconf 81' lang='lat' dir='ltr'><strong>acerbitatem</strong></span> <span class='ocrx_word' id='word_1_167' title='bbox 301 2538 531 2629; x_wconf 70' lang='lat' dir='ltr'><strong>praesentium,</strong></span> <span class='ocrx_word' id='word_1_168' title='bbox 549 2536 698 2601; x_wconf 88' lang='lat' dir='ltr'><strong>instantis</strong></span> <span class='ocrx_word' id='word_1_169' title='bbox 717 2535 917 2625; x_wconf 85' lang='lat' dir='ltr'><strong>indignitatis</strong></span> <span class='ocrx_word' id='word_1_170' title='bbox 935 2541 1142 2625; x_wconf 83' lang='lat' dir='ltr'><strong>exspectatio.</strong></span> 
     </span>
    </p>

    <p class='ocr_par' dir='ltr' id='par_1_4' title="bbox 63 2637 1144 3717">
     <span class='ocr_line' id='line_1_23' title="bbox 114 2637 1142 2719; baseline -0.002 -13"><span class='ocrx_word' id='word_1_171' title='bbox 114 2641 352 2707; x_wconf 66' lang='lat' dir='ltr'><strong>xxxi-Mox</strong></span> <span class='ocrx_word' id='word_1_172' title='bbox 363 2640 642 2704; x_wconf 87' lang='lat' dir='ltr'><strong>enimafluturum</strong></span> <span class='ocrx_word' id='word_1_173' title='bbox 651 2637 970 2701; x_wconf 83' lang='lat' dir='ltr'><strong>Caesaremvictorem</strong></span> <span class='ocrx_word' id='word_1_174' title='bbox 981 2640 1142 2719; x_wconf 89' lang='lat' dir='ltr'><strong>omnium,</strong></span> 
     </span>
     <span class='ocr_line' id='line_1_24' title="bbox 66 2738 1141 2827; baseline -0.006 -18"><span class='ocrx_word' id='word_1_175' title='bbox 66 2766 130 2809; x_wconf 65' lang='grc' dir='ltr'><strong>ιω</strong></span> <span class='ocrx_word' id='word_1_176' title='bbox 149 2742 340 2822; x_wconf 87' lang='lat' dir='ltr'><strong>dominum,</strong></span> <span class='ocrx_word' id='word_1_177' title='bbox 363 2741 498 2804; x_wconf 90' lang='lat' dir='ltr'><strong>nomine</strong></span> <span class='ocrx_word' id='word_1_178' title='bbox 520 2739 710 2803; x_wconf 91' lang='lat' dir='ltr'><strong>dictatorem</strong></span> <span class='ocrx_word' id='word_1_179' title='bbox 732 2761 740 2801; x_wconf 77' lang='grc' dir='ltr'><strong>ε</strong></span> <span class='ocrx_word' id='word_1_180' title='bbox 764 2760 861 2826; x_wconf 88' lang='lat' dir='ltr'><strong>quam</strong></span> <span class='ocrx_word' id='word_1_181' title='bbox 881 2738 981 2827; x_wconf 87' lang='lat' dir='ltr'><strong>igitur</strong></span> <span class='ocrx_word' id='word_1_182' title='bbox 1002 2739 1047 2803; x_wconf 92' lang='lat' dir='ltr'><strong>illi</strong></span> <span class='ocrx_word' id='word_1_183' title='bbox 1072 2741 1141 2803; x_wconf 90' lang='lat' dir='ltr'><strong>lore</strong></span> 
     </span>
     <span class='ocr_line' id='line_1_25' title="bbox 67 2840 1125 2934; baseline -0.006 -25"><span class='ocrx_word' id='word_1_184' title='bbox 67 2845 297 2934; x_wconf 77' lang='lat' dir='ltr'><strong>-superbiam,</strong></span> <span class='ocrx_word' id='word_1_185' title='bbox 310 2844 336 2907; x_wconf 91' lang='lat' dir='ltr'><strong>si</strong></span> <span class='ocrx_word' id='word_1_186' title='bbox 347 2843 447 2907; x_wconf 89' lang='lat' dir='ltr'><strong>cliens</strong></span> <span class='ocrx_word' id='word_1_187' title='bbox 458 2842 527 2921; x_wconf 86' lang='lat' dir='ltr'><strong>ejus</strong></span> <span class='ocrx_word' id='word_1_188' title='bbox 541 2856 574 2904; x_wconf 92' lang='lat' dir='ltr'><strong>et</strong></span> <span class='ocrx_word' id='word_1_189' title='bbox 587 2842 739 2927; x_wconf 87' lang='lat' dir='ltr'><strong>magister</strong></span> <span class='ocrx_word' id='word_1_190' title='bbox 753 2840 900 2927; x_wconf 89' lang='lat' dir='ltr'><strong>equitum</strong></span> <span class='ocrx_word' id='word_1_191' title='bbox 918 2854 984 2902; x_wconf 88' lang='lat' dir='ltr'><strong>tam</strong></span> <span class='ocrx_word' id='word_1_192' title='bbox 1001 2840 1125 2904; x_wconf 89' lang='lat' dir='ltr'><strong>insolen</strong></span> 
     </span>
     <span class='ocr_line' id='line_1_26' title="bbox 69 2939 1139 3033; baseline -0.007 -22"><span class='ocrx_word' id='word_1_193' title='bbox 69 2963 147 3011; x_wconf 76' lang='lat' dir='ltr'><strong>«ter</strong></span> <span class='ocrx_word' id='word_1_194' title='bbox 165 2946 329 3011; x_wconf 88' lang='lat' dir='ltr'><strong>obtereret</strong></span> <span class='ocrx_word' id='word_1_195' title='bbox 344 2943 453 3033; x_wconf 81' lang='lat' dir='ltr'><strong>leges?</strong></span> <span class='ocrx_word' id='word_1_196' title='bbox 468 2944 551 3008; x_wconf 87' lang='lat' dir='ltr'><strong>Sane</strong></span> <span class='ocrx_word' id='word_1_197' title='bbox 571 2940 776 3006; x_wconf 84' lang='lat' dir='ltr'><strong>clementiam</strong></span> <span class='ocrx_word' id='word_1_198' title='bbox 798 2939 956 3003; x_wconf 91' lang='lat' dir='ltr'><strong>hactenus</strong></span> <span class='ocrx_word' id='word_1_199' title='bbox 979 2940 1139 3028; x_wconf 87' lang='lat' dir='ltr'><strong>insignem</strong></span> 
     </span>
     <span class='ocr_line' id='line_1_27' title="bbox 70 3040 1142 3137; baseline -0.008 -24"><span class='ocrx_word' id='word_1_200' title='bbox 70 3048 290 3137; x_wconf 80' lang='lat' dir='ltr'><strong>«prtettrlisse,</strong></span> <span class='ocrx_word' id='word_1_201' title='bbox 328 3047 469 3133; x_wconf 78' lang='lat' dir='ltr'><strong>lenisque</strong></span> <span class='ocrx_word' id='word_1_202' title='bbox 479 3042 697 3133; x_wconf 88' lang='lat' dir='ltr'><strong>ignoscendo,</strong></span> <span class='ocrx_word' id='word_1_203' title='bbox 712 3064 730 3104; x_wconf 89' lang='lat' dir='ltr'><strong>a</strong></span> <span class='ocrx_word' id='word_1_204' title='bbox 744 3040 863 3128; x_wconf 92' lang='lat' dir='ltr'><strong>quibus</strong></span> <span class='ocrx_word' id='word_1_205' title='bbox 875 3056 958 3104; x_wconf 91' lang='lat' dir='ltr'><strong>esset</strong></span> <span class='ocrx_word' id='word_1_206' title='bbox 972 3063 1142 3128; x_wconf 84' lang='lat' dir='ltr'><strong>oppugno·</strong></span> 
     </span>
     <span class='ocr_line' id='line_1_28' title="bbox 70 3140 1141 3236; baseline -0.007 -22"><span class='ocrx_word' id='word_1_207' title='bbox 70 3164 169 3214; x_wconf 71' lang='lat' dir='ltr'><strong>«tuiz</strong></span> <span class='ocrx_word' id='word_1_208' title='bbox 185 3148 243 3213; x_wconf 90' lang='lat' dir='ltr'><strong>sed</strong></span> <span class='ocrx_word' id='word_1_209' title='bbox 262 3169 360 3236; x_wconf 87' lang='lat' dir='ltr'><strong>quem</strong></span> <span class='ocrx_word' id='word_1_210' title='bbox 385 3162 535 3235; x_wconf 81' lang='lat' dir='ltr'><strong>praestare</strong></span> <span class='ocrx_word' id='word_1_211' title='bbox 557 3167 671 3233; x_wconf 88' lang='lat' dir='ltr'><strong>posse,</strong></span> <span class='ocrx_word' id='word_1_212' title='bbox 691 3140 974 3206; x_wconf 84' lang='lat' dir='ltr'><strong>tuansuetudinem</strong></span> <span class='ocrx_word' id='word_1_213' title='bbox 995 3142 1141 3206; x_wconf 84' lang='lat' dir='ltr'><strong>eamdem</strong></span> 
     </span>
     <span class='ocr_line' id='line_1_29' title="bbox 63 3234 1141 3332; baseline -0.006 -19"><span class='ocrx_word' id='word_1_214' title='bbox 63 3234 87 3305; x_wconf 64' lang='grc' dir='ltr'>ἰ</span> <span class='ocrx_word' id='word_1_215' title='bbox 96 3272 284 3313; x_wconf 83' lang='lat' dir='ltr'><strong>mansuram</strong></span> <span class='ocrx_word' id='word_1_216' title='bbox 299 3248 415 3312; x_wconf 86' lang='lat' dir='ltr'><strong>victori</strong></span> <span class='ocrx_word' id='word_1_217' title='bbox 430 3263 462 3310; x_wconf 93' lang='lat' dir='ltr'><strong>et</strong></span> <span class='ocrx_word' id='word_1_218' title='bbox 479 3242 613 3325; x_wconf 76' lang='lat' dir='ltr'><strong>securo,</strong></span> <span class='ocrx_word' id='word_1_219' title='bbox 630 3267 728 3332; x_wconf 89' lang='lat' dir='ltr'><strong>quam</strong></span> <span class='ocrx_word' id='word_1_220' title='bbox 744 3243 856 3307; x_wconf 86' lang='lat' dir='ltr'><strong>validis</strong></span> <span class='ocrx_word' id='word_1_221' title='bbox 873 3242 982 3305; x_wconf 85' lang='lat' dir='ltr'><strong>adhuc</strong></span> <span class='ocrx_word' id='word_1_222' title='bbox 1000 3242 1141 3308; x_wconf 83' lang='lat' dir='ltr'><strong>diversa-</strong></span> 
     </span>
     <span class='ocr_line' id='line_1_30' title="bbox 70 3344 1143 3438; baseline -0.007 -23"><span class='ocrx_word' id='word_1_223' title='bbox 70 3374 171 3415; x_wconf 83' lang='lat' dir='ltr'><strong>·rum</strong></span> <span class='ocrx_word' id='word_1_224' title='bbox 188 3351 329 3438; x_wconf 86' lang='lat' dir='ltr'><strong>partium</strong></span> <span class='ocrx_word' id='word_1_225' title='bbox 343 3349 458 3429; x_wconf 86' lang='lat' dir='ltr'><strong>rebus,</strong></span> <span class='ocrx_word' id='word_1_226' title='bbox 475 3365 507 3412; x_wconf 92' lang='lat' dir='ltr'><strong>et</strong></span> <span class='ocrx_word' id='word_1_227' title='bbox 521 3347 562 3411; x_wconf 92' lang='lat' dir='ltr'><strong>de</strong></span> <span class='ocrx_word' id='word_1_228' title='bbox 576 3346 665 3410; x_wconf 84' lang='lat' dir='ltr'><strong>exitu</strong></span> <span class='ocrx_word' id='word_1_229' title='bbox 680 3345 833 3410; x_wconf 86' lang='lat' dir='ltr'><strong>dubitans</strong></span> <span class='ocrx_word' id='word_1_230' title='bbox 847 3344 1071 3408; x_wconf 83' lang='lat' dir='ltr'><strong>adhibuisset?</strong></span> <span class='ocrx_word' id='word_1_231' title='bbox 1082 3346 1143 3433; x_wconf 85' lang='lat' dir='ltr'><strong>Ty·</strong></span> 
     </span>
     <span class='ocr_line' id='line_1_31' title="bbox 72 3446 1140 3539; baseline -0.007 -24"><span class='ocrx_word' id='word_1_232' title='bbox 72 3474 217 3515; x_wconf 69' lang='lat' dir='ltr'><strong>nrannos</strong></span> <span class='ocrx_word' id='word_1_233' title='bbox 234 3450 403 3539; x_wconf 91' lang='lat' dir='ltr'><strong>ingenium</strong></span> <span class='ocrx_word' id='word_1_234' title='bbox 417 3448 459 3513; x_wconf 86' lang='lat' dir='ltr'><strong>ad</strong></span> <span class='ocrx_word' id='word_1_235' title='bbox 473 3466 603 3535; x_wconf 86' lang='lat' dir='ltr'><strong>tempus</strong></span> <span class='ocrx_word' id='word_1_236' title='bbox 622 3464 746 3536; x_wconf 88' lang='lat' dir='ltr'><strong>tegere;</strong></span> <span class='ocrx_word' id='word_1_237' title='bbox 765 3446 870 3510; x_wconf 90' lang='lat' dir='ltr'><strong>donec</strong></span> <span class='ocrx_word' id='word_1_238' title='bbox 885 3446 1051 3533; x_wconf 87' lang='lat' dir='ltr'><strong>perlectis,</strong></span> <span class='ocrx_word' id='word_1_239' title='bbox 1068 3470 1140 3533; x_wconf 81' lang='lat' dir='ltr'><strong>quae</strong></span> 
     </span>
     <span class='ocr_line' id='line_1_32' title="bbox 71 3550 1144 3640; baseline -0.004 -25"><span class='ocrx_word' id='word_1_240' title='bbox 71 3566 304 3640; x_wconf 77' lang='lat' dir='ltr'><strong>«optaverant,</strong></span> <span class='ocrx_word' id='word_1_241' title='bbox 320 3567 387 3614; x_wconf 85' lang='lat' dir='ltr'><strong>tam</strong></span> <span class='ocrx_word' id='word_1_242' title='bbox 403 3550 560 3638; x_wconf 86' lang='lat' dir='ltr'><strong>incipiant</strong></span> <span class='ocrx_word' id='word_1_243' title='bbox 574 3572 687 3613; x_wconf 82' lang='lat' dir='ltr'><strong>vocare</strong></span> <span class='ocrx_word' id='word_1_244' title='bbox 706 3566 813 3630; x_wconf 89' lang='lat' dir='ltr'><strong>metu,</strong></span> <span class='ocrx_word' id='word_1_245' title='bbox 833 3570 930 3635; x_wconf 84' lang='lat' dir='ltr'><strong>quarn</strong></span> <span class='ocrx_word' id='word_1_246' title='bbox 950 3570 1077 3637; x_wconf 87' lang='lat' dir='ltr'><strong>semper</strong></span> <span class='ocrx_word' id='word_1_247' title='bbox 1092 3571 1144 3612; x_wconf 86' lang='lat' dir='ltr'><strong>vn·</strong></span> 
     </span>
     <span class='ocr_line' id='line_1_33' title="bbox 72 3651 414 3717; baseline -0.003 -2"><span class='ocrx_word' id='word_1_248' title='bbox 72 3682 86 3706; x_wconf 76' lang='lat' dir='ltr'><strong><em>a</em></strong></span> <span class='ocrx_word' id='word_1_249' title='bbox 95 3668 171 3715; x_wconf 85' lang='lat' dir='ltr'><strong>cent</strong></span> <span class='ocrx_word' id='word_1_250' title='bbox 183 3651 389 3717; x_wconf 82' lang='lat' dir='ltr'><strong>verecundia.</strong></span> <span class='ocrx_word' id='word_1_251' title='bbox 401 3682 414 3706; x_wconf 67' lang='grc' dir='ltr'><strong>ν</strong></span> 
     </span>
    </p>

    <p class='ocr_par' dir='ltr' id='par_1_5' title="bbox 72 3749 1143 3940">
     <span class='ocr_line' id='line_1_34' title="bbox 116 3749 1142 3840; baseline -0.007 -22"><span class='ocrx_word' id='word_1_252' title='bbox 116 3753 257 3818; x_wconf 82' lang='lat' dir='ltr'>XXXII.</span> <span class='ocrx_word' id='word_1_253' title='bbox 274 3752 326 3817; x_wconf 90' lang='lat' dir='ltr'><strong>Ne</strong></span> <span class='ocrx_word' id='word_1_254' title='bbox 341 3753 476 3817; x_wconf 87' lang='lat' dir='ltr'><strong>minima</strong></span> <span class='ocrx_word' id='word_1_255' title='bbox 493 3751 626 3840; x_wconf 90' lang='lat' dir='ltr'><strong>quidem</strong></span> <span class='ocrx_word' id='word_1_256' title='bbox 647 3774 680 3814; x_wconf 91' lang='lat' dir='ltr'><strong>m</strong></span> <span class='ocrx_word' id='word_1_257' title='bbox 704 3751 795 3814; x_wconf 88' lang='lat' dir='ltr'><strong>malis</strong></span> <span class='ocrx_word' id='word_1_258' title='bbox 816 3749 996 3814; x_wconf 87' lang='lat' dir='ltr'><strong>consolatio</strong></span> <span class='ocrx_word' id='word_1_259' title='bbox 1019 3749 1142 3812; x_wconf 88' lang='lat' dir='ltr'><strong>miseris</strong></span> 
     </span>
     <span class='ocr_line' id='line_1_35' title="bbox 72 3849 1143 3940; baseline -0.004 -21"><span class='ocrx_word' id='word_1_260' title='bbox 72 3853 202 3935; x_wconf 84' lang='lat' dir='ltr'><strong>aderat,</strong></span> <span class='ocrx_word' id='word_1_261' title='bbox 228 3853 387 3940; x_wconf 84' lang='lat' dir='ltr'><strong>querendi</strong></span> <span class='ocrx_word' id='word_1_262' title='bbox 411 3853 549 3917; x_wconf 87' lang='lat' dir='ltr'><strong>invicem</strong></span> <span class='ocrx_word' id='word_1_263' title='bbox 597 3854 785 3940; x_wconf 89' lang='lat' dir='ltr'><strong>mutuisque</strong></span> <span class='ocrx_word' id='word_1_264' title='bbox 807 3851 1013 3916; x_wconf 91' lang='lat' dir='ltr'><strong>sermonibus</strong></span> <span class='ocrx_word' id='word_1_265' title='bbox 1035 3849 1143 3915; x_wconf 87' lang='lat' dir='ltr'><strong>suble·</strong></span> 
     </span>
    </p>
   </div>
   <div class='ocr_carea' id='block_1_3' title="bbox 74 4066 1145 4217">
    <p class='ocr_par' dir='ltr' id='par_1_6' title="bbox 74 4066 1145 4217">
     <span class='ocr_line' id='line_1_36' title="bbox 108 4066 1145 4140; baseline -0.008 -18"><span class='ocrx_word' id='word_1_266' title='bbox 108 4073 239 4140; x_wconf 78' lang='lat' dir='ltr'><strong>smx.</strong></span> <span class='ocrx_word' id='word_1_267' title='bbox 257 4073 369 4138; x_wconf 76' lang='lat' dir='ltr'><strong>Ryckius</strong></span> <span class='ocrx_word' id='word_1_268' title='bbox 387 4072 418 4122; x_wconf 81' lang='lat' dir='ltr'><strong>de</strong></span> <span class='ocrx_word' id='word_1_269' title='bbox 436 4073 545 4139; x_wconf 85' lang='lat' dir='ltr'><strong>Capitol.</strong></span> <span class='ocrx_word' id='word_1_270' title='bbox 560 4090 614 4138; x_wconf 79' lang='lat' dir='ltr'><strong>cap.</strong></span> <span class='ocrx_word' id='word_1_271' title='bbox 638 4073 681 4120; x_wconf 73' lang='lat'><strong>25.</strong></span> <span class='ocrx_word' id='word_1_272' title='bbox 697 4100 731 4110; x_wconf 91' lang='lat'>—</span> <span class='ocrx_word' id='word_1_273' title='bbox 752 4073 810 4120; x_wconf 91' lang='lat' dir='ltr'><strong>Dio.</strong></span> <span class='ocrx_word' id='word_1_274' title='bbox 829 4099 862 4110; x_wconf 91' lang='lat'><em>-</em></span> <span class='ocrx_word' id='word_1_275' title='bbox 882 4070 997 4136; x_wconf 63' lang='lat' dir='ltr'><strong>§xxm</strong></span> <span class='ocrx_word' id='word_1_276' title='bbox 1011 4068 1063 4117; x_wconf 80' lang='lat' dir='ltr'><strong>cic.</strong></span> <span class='ocrx_word' id='word_1_277' title='bbox 1080 4066 1145 4115; x_wconf 84' lang='lat' dir='ltr'><strong>Phil.</strong></span> 
     </span>
     <span class='ocr_line' id='line_1_37' title="bbox 74 4159 295 4217; baseline -0.005 -11"><span class='ocrx_word' id='word_1_278' title='bbox 74 4159 116 4217; x_wconf 84' lang='lat'><strong>11,</strong></span> <span class='ocrx_word' id='word_1_279' title='bbox 136 4159 181 4207; x_wconf 78' lang='lat'><strong>25.</strong></span> <span class='ocrx_word' id='word_1_280' title='bbox 191 4185 228 4195; x_wconf 92' lang='lat'>-</span> <span class='ocrx_word' id='word_1_281' title='bbox 238 4159 295 4205; x_wconf 81' lang='lat' dir='ltr'><strong>nto.</strong></span> 
     </span>
    </p>
   </div>
   <div class='ocr_carea' id='block_1_4' title="bbox 198 4250 952 4330">
    <p class='ocr_par' dir='ltr' id='par_1_7' title="bbox 198 4250 952 4330">
     <span class='ocr_line' id='line_1_38' title="bbox 198 4250 952 4330; baseline 0.011 -8"><span class='ocrx_word' id='word_1_282' title='bbox 198 4256 262 4322; x_wconf 77' lang='lat' dir='ltr'><strong>XI.</strong></span> <span class='ocrx_word' id='word_1_283' title='bbox 930 4250 952 4330; x_wconf 80' lang='lat' dir='ltr'><strong>lt</strong></span> 
     </span>
    </p>
   </div>
   <div class='ocr_carea' id='block_1_5' title="bbox 0 0 1355 4822">
    <p class='ocr_par' dir='ltr' id='par_1_8' title="bbox 0 0 1355 4822">
     <span class='ocr_line' id='line_1_39' title="bbox 0 0 1355 4822; baseline 0 0"><span class='ocrx_word' id='word_1_284' title='bbox 0 0 1355 4822; x_wconf 95' lang='lat' dir='ltr'><strong> </strong></span> 
     </span>
    </p>
   </div>
  </div>
 </body>
</html>
