<?xml version="1.0" encoding="UTF-8"?>
<!DOCTYPE html PUBLIC "-//W3C//DTD XHTML 1.0 Transitional//EN"
    "http://www.w3.org/TR/xhtml1/DTD/xhtml1-transitional.dtd">
<html xmlns="http://www.w3.org/1999/xhtml" xml:lang="en" lang="en">
 <head>
  <title>
</title>
<meta http-equiv="Content-Type" content="text/html;charset=utf-8" />
  <meta name='ocr-system' content='tesseract 3.04.00' />
  <meta name='ocr-capabilities' content='ocr_page ocr_carea ocr_par ocr_line ocrx_word'/>
</head>
<body>
  <div class='ocr_page' id='page_1' title='image "bibliothecaclas28lemagoog_0054.png"; bbox 0 0 2686 4822; ppageno 0'>
   <div class='ocr_carea' id='block_1_1' title="bbox 68 346 1144 760">
    <p class='ocr_par' dir='ltr' id='par_1_1' title="bbox 68 346 1144 760">
     <span class='ocr_line' id='line_1_1' title="bbox 239 346 1138 432; baseline 0.002 -17"><span class='ocrx_word' id='word_1_1' title='bbox 239 348 295 416; x_wconf 83' lang='lat' dir='ltr'>IN</span> <span class='ocrx_word' id='word_1_2' title='bbox 325 347 442 415; x_wconf 90' lang='lat' dir='ltr'>LOC.</span> <span class='ocrx_word' id='word_1_3' title='bbox 469 346 566 415; x_wconf 86' lang='lat' dir='ltr'>LIB.</span> <span class='ocrx_word' id='word_1_4' title='bbox 595 348 728 416; x_wconf 88' lang='lat' dir='ltr'>CXIII</span> <span class='ocrx_word' id='word_1_5' title='bbox 761 348 981 416; x_wconf 82' lang='lat' dir='ltr'>LlVlANl.</span> <span class='ocrx_word' id='word_1_6' title='bbox 1096 350 1138 432; x_wconf 73' lang='grc' dir='ltr'>ΔΙ</span> 
     </span>
     <span class='ocr_line' id='line_1_2' title="bbox 68 467 1143 558; baseline 0 -25"><span class='ocrx_word' id='word_1_7' title='bbox 68 469 157 534; x_wconf 89' lang='lat' dir='ltr'>nulla</span> <span class='ocrx_word' id='word_1_8' title='bbox 173 467 323 558; x_wconf 75' lang='lat' dir='ltr'>praesidia</span> <span class='ocrx_word' id='word_1_9' title='bbox 339 467 472 532; x_wconf 76' lang='lat' dir='ltr'>Caesaris</span> <span class='ocrx_word' id='word_1_10' title='bbox 488 484 611 549; x_wconf 90' lang='lat' dir='ltr'>essent,</span> <span class='ocrx_word' id='word_1_11' title='bbox 629 467 845 556; x_wconf 75' lang='lat' dir='ltr'>praesentibus</span> <span class='ocrx_word' id='word_1_12' title='bbox 860 467 1004 555; x_wconf 91' lang='lat' dir='ltr'>imperiis</span> <span class='ocrx_word' id='word_1_13' title='bbox 1018 470 1143 555; x_wconf 85' lang='lat' dir='ltr'>paruis·</span> 
     </span>
     <span class='ocr_line' id='line_1_3' title="bbox 69 568 1143 652; baseline 0 -17"><span class='ocrx_word' id='word_1_14' title='bbox 69 588 125 635; x_wconf 90' lang='lat' dir='ltr'>set.</span> <span class='ocrx_word' id='word_1_15' title='bbox 142 568 310 635; x_wconf 79' lang='lat' dir='ltr'>Adversus</span> <span class='ocrx_word' id='word_1_16' title='bbox 329 591 367 633; x_wconf 86' lang='lat' dir='ltr'>ea</span> <span class='ocrx_word' id='word_1_17' title='bbox 386 570 509 651; x_wconf 75' lang='lat' dir='ltr'>Cesar,</span> <span class='ocrx_word' id='word_1_18' title='bbox 527 571 790 634; x_wconf 89' lang='lat' dir='ltr'>commemoratis</span> <span class='ocrx_word' id='word_1_19' title='bbox 806 569 973 633; x_wconf 87' lang='lat' dir='ltr'>beneficiis</span> <span class='ocrx_word' id='word_1_20' title='bbox 992 571 1079 652; x_wconf 85' lang='lat' dir='ltr'>suis,</span> <span class='ocrx_word' id='word_1_21' title='bbox 1095 588 1143 635; x_wconf 89' lang='lat' dir='ltr'>ta-</span> 
     </span>
     <span class='ocr_line' id='line_1_4' title="bbox 71 669 1144 760; baseline 0 -24"><span class='ocrx_word' id='word_1_22' title='bbox 71 694 144 736; x_wconf 90' lang='lat' dir='ltr'>men</span> <span class='ocrx_word' id='word_1_23' title='bbox 169 672 256 736; x_wconf 75' lang='lat' dir='ltr'>aetati</span> <span class='ocrx_word' id='word_1_24' title='bbox 277 671 346 752; x_wconf 88' lang='lat' dir='ltr'>ejus</span> <span class='ocrx_word' id='word_1_25' title='bbox 367 669 585 760; x_wconf 78' lang='lat' dir='ltr'>dignitatique</span> <span class='ocrx_word' id='word_1_26' title='bbox 607 686 641 734; x_wconf 92' lang='lat' dir='ltr'>et</span> <span class='ocrx_word' id='word_1_27' title='bbox 661 671 773 735; x_wconf 91' lang='lat' dir='ltr'>amicis</span> <span class='ocrx_word' id='word_1_28' title='bbox 793 669 1043 759; x_wconf 79' lang='lat' dir='ltr'>deprecantibus</span> <span class='ocrx_word' id='word_1_29' title='bbox 1066 672 1144 736; x_wconf 92' lang='lat' dir='ltr'>dare</span> 
     </span>
    </p>
   </div>
   <div class='ocr_carea' id='block_1_2' title="bbox 71 771 1145 967">
    <p class='ocr_par' dir='ltr' id='par_1_2' title="bbox 71 771 1145 967">
     <span class='ocr_line' id='line_1_5' title="bbox 71 771 1145 861; baseline -0.001 -23"><span class='ocrx_word' id='word_1_30' title='bbox 71 774 149 839; x_wconf 83' lang='lat' dir='ltr'>dixit</span> <span class='ocrx_word' id='word_1_31' title='bbox 157 774 229 854; x_wconf 88' lang='lat' dir='ltr'>ejus</span> <span class='ocrx_word' id='word_1_32' title='bbox 241 773 352 838; x_wconf 82' lang='lat' dir='ltr'>delicti</span> <span class='ocrx_word' id='word_1_33' title='bbox 360 773 507 853; x_wconf 72' lang='lat' dir='ltr'>veniam,</span> <span class='ocrx_word' id='word_1_34' title='bbox 519 771 561 836; x_wconf 92' lang='lat' dir='ltr'>de</span> <span class='ocrx_word' id='word_1_35' title='bbox 570 774 798 837; x_wconf 87' lang='lat' dir='ltr'>controversiis</span> <span class='ocrx_word' id='word_1_36' title='bbox 809 772 1044 836; x_wconf 78' lang='lat' dir='ltr'>tetrarcharum</span> <span class='ocrx_word' id='word_1_37' title='bbox 1057 789 1145 861; x_wconf 91' lang='lat' dir='ltr'>post·</span> 
     </span>
     <span class='ocr_line' id='line_1_6' title="bbox 72 874 1143 967; baseline -0.004 -26"><span class='ocrx_word' id='word_1_38' title='bbox 72 901 105 941; x_wconf 86' lang='lat' dir='ltr'>ea</span> <span class='ocrx_word' id='word_1_39' title='bbox 120 877 333 967; x_wconf 87' lang='lat' dir='ltr'>cogniturum</span> <span class='ocrx_word' id='word_1_40' title='bbox 354 898 362 939; x_wconf 75' lang='grc' dir='ltr'><strong>ε</strong></span> <span class='ocrx_word' id='word_1_41' title='bbox 381 875 505 940; x_wconf 89' lang='lat' dir='ltr'>interea</span> <span class='ocrx_word' id='word_1_42' title='bbox 523 874 700 965; x_wconf 82' lang='lat' dir='ltr'>legionem,</span> <span class='ocrx_word' id='word_1_43' title='bbox 718 897 853 939; x_wconf 90' lang='lat' dir='ltr'>romana</span> <span class='ocrx_word' id='word_1_44' title='bbox 873 874 1042 962; x_wconf 85' lang='lat' dir='ltr'>disciplina</span> <span class='ocrx_word' id='word_1_45' title='bbox 1061 897 1143 939; x_wconf 90' lang='lat' dir='ltr'>con-</span> 
     </span>
    </p>
   </div>
   <div class='ocr_carea' id='block_1_3' title="bbox 47 973 1142 4009">
    <p class='ocr_par' dir='ltr' id='par_1_3' title="bbox 71 973 1142 1474">
     <span class='ocr_line' id='line_1_7' title="bbox 72 973 1142 1065; baseline -0.005 -20"><span class='ocrx_word' id='word_1_46' title='bbox 72 982 214 1046; x_wconf 85' lang='lat' dir='ltr'>stitutam</span> <span class='ocrx_word' id='word_1_47' title='bbox 232 1002 251 1043; x_wconf 88' lang='lat' dir='ltr'>a</span> <span class='ocrx_word' id='word_1_48' title='bbox 269 977 441 1058; x_wconf 78' lang='lat' dir='ltr'>Deiotaro,</span> <span class='ocrx_word' id='word_1_49' title='bbox 457 978 707 1065; x_wconf 83' lang='lat' dir='ltr'>equitatumque</span> <span class='ocrx_word' id='word_1_50' title='bbox 724 1000 857 1040; x_wconf 91' lang='lat' dir='ltr'>omnem</span> <span class='ocrx_word' id='word_1_51' title='bbox 874 974 994 1040; x_wconf 84' lang='lat' dir='ltr'>adduci</span> <span class='ocrx_word' id='word_1_52' title='bbox 1014 973 1056 1040; x_wconf 87' lang='lat' dir='ltr'>ad</span> <span class='ocrx_word' id='word_1_53' title='bbox 1070 976 1142 1041; x_wconf 92' lang='lat' dir='ltr'>bel·</span> 
     </span>
     <span class='ocr_line' id='line_1_8' title="bbox 72 1076 1139 1170; baseline -0.006 -24"><span class='ocrx_word' id='word_1_54' title='bbox 72 1084 136 1146; x_wconf 91' lang='lat' dir='ltr'>lum</span> <span class='ocrx_word' id='word_1_55' title='bbox 148 1081 322 1170; x_wconf 85' lang='lat' dir='ltr'>ponticum</span> <span class='ocrx_word' id='word_1_56' title='bbox 331 1080 438 1160; x_wconf 85' lang='lat' dir='ltr'>jussit.</span> <span class='ocrx_word' id='word_1_57' title='bbox 450 1079 647 1160; x_wconf 89' lang='lat' dir='ltr'>Pharnaces,</span> <span class='ocrx_word' id='word_1_58' title='bbox 659 1078 825 1143; x_wconf 90' lang='lat' dir='ltr'>intellecto</span> <span class='ocrx_word' id='word_1_59' title='bbox 836 1078 969 1142; x_wconf 84' lang='lat' dir='ltr'>Caesaris</span> <span class='ocrx_word' id='word_1_60' title='bbox 979 1076 1139 1160; x_wconf 88' lang='lat' dir='ltr'>adventu,</span> 
     </span>
     <span class='ocr_line' id='line_1_9' title="bbox 72 1178 1140 1267; baseline -0.005 -19"><span class='ocrx_word' id='word_1_61' title='bbox 72 1183 219 1248; x_wconf 90' lang='lat' dir='ltr'>omittere</span> <span class='ocrx_word' id='word_1_62' title='bbox 238 1181 422 1246; x_wconf 82' lang='lat' dir='ltr'>Asandrum</span> <span class='ocrx_word' id='word_1_63' title='bbox 441 1196 573 1245; x_wconf 87' lang='lat' dir='ltr'>coactus</span> <span class='ocrx_word' id='word_1_64' title='bbox 595 1181 630 1244; x_wconf 93' lang='lat' dir='ltr'>in</span> <span class='ocrx_word' id='word_1_65' title='bbox 651 1181 795 1245; x_wconf 88' lang='lat' dir='ltr'>Pontum</span> <span class='ocrx_word' id='word_1_66' title='bbox 819 1180 978 1261; x_wconf 77' lang='lat' dir='ltr'>recurrit3</span> <span class='ocrx_word' id='word_1_67' title='bbox 1002 1178 1043 1243; x_wconf 91' lang='lat' dir='ltr'>de</span> <span class='ocrx_word' id='word_1_68' title='bbox 1061 1202 1140 1267; x_wconf 86' lang='lat' dir='ltr'>pace</span> 
     </span>
     <span class='ocr_line' id='line_1_10' title="bbox 72 1280 1139 1375; baseline -0.005 -26"><span class='ocrx_word' id='word_1_69' title='bbox 72 1286 189 1375; x_wconf 84' lang='lat' dir='ltr'>legatos</span> <span class='ocrx_word' id='word_1_70' title='bbox 203 1283 422 1375; x_wconf 79' lang='lat' dir='ltr'>praemittens,</span> <span class='ocrx_word' id='word_1_71' title='bbox 441 1280 533 1370; x_wconf 88' lang='lat' dir='ltr'>quod</span> <span class='ocrx_word' id='word_1_72' title='bbox 546 1283 751 1370; x_wconf 88' lang='lat' dir='ltr'>imperatoris</span> <span class='ocrx_word' id='word_1_73' title='bbox 767 1281 915 1346; x_wconf 85' lang='lat' dir='ltr'>acerrimi</span> <span class='ocrx_word' id='word_1_74' title='bbox 929 1280 1066 1345; x_wconf 89' lang='lat' dir='ltr'>timebat</span> <span class='ocrx_word' id='word_1_75' title='bbox 1077 1282 1139 1344; x_wconf 90' lang='lat' dir='ltr'>im·</span> 
     </span>
     <span class='ocr_line' id='line_1_11' title="bbox 71 1383 818 1474; baseline -0.005 -24"><span class='ocrx_word' id='word_1_76' title='bbox 71 1402 198 1474; x_wconf 90' lang='lat' dir='ltr'>petum,</span> <span class='ocrx_word' id='word_1_77' title='bbox 214 1386 292 1449; x_wconf 92' lang='lat' dir='ltr'>licet</span> <span class='ocrx_word' id='word_1_78' title='bbox 306 1383 431 1473; x_wconf 81' lang='lat' dir='ltr'>exiguis</span> <span class='ocrx_word' id='word_1_79' title='bbox 446 1406 524 1447; x_wconf 90' lang='lat' dir='ltr'>sane</span> <span class='ocrx_word' id='word_1_80' title='bbox 539 1383 641 1472; x_wconf 89' lang='lat' dir='ltr'>copiis</span> <span class='ocrx_word' id='word_1_81' title='bbox 658 1383 818 1447; x_wconf 91' lang='lat' dir='ltr'>instructi.</span> 
     </span>
    </p>

    <p class='ocr_par' dir='ltr' id='par_1_4' title="bbox 52 1483 1138 2489">
     <span class='ocr_line' id='line_1_12' title="bbox 108 1483 1138 1574; baseline -0.003 -23"><span class='ocrx_word' id='word_1_82' title='bbox 108 1488 151 1552; x_wconf 84' lang='lat' dir='ltr'>X.</span> <span class='ocrx_word' id='word_1_83' title='bbox 168 1488 254 1551; x_wconf 85' lang='lat' dir='ltr'>Nam</span> <span class='ocrx_word' id='word_1_84' title='bbox 274 1501 363 1549; x_wconf 84' lang='lat' dir='ltr'>sexta</span> <span class='ocrx_word' id='word_1_85' title='bbox 380 1485 482 1574; x_wconf 88' lang='lat' dir='ltr'>legio,</span> <span class='ocrx_word' id='word_1_86' title='bbox 505 1507 603 1572; x_wconf 89' lang='lat' dir='ltr'>quam</span> <span class='ocrx_word' id='word_1_87' title='bbox 620 1507 659 1547; x_wconf 83' lang='lat' dir='ltr'>ex</span> <span class='ocrx_word' id='word_1_88' title='bbox 677 1484 822 1573; x_wconf 83' lang='lat' dir='ltr'>AEgypto</span> <span class='ocrx_word' id='word_1_89' title='bbox 841 1483 1036 1565; x_wconf 87' lang='lat' dir='ltr'>deduxerat,</span> <span class='ocrx_word' id='word_1_90' title='bbox 1056 1484 1138 1549; x_wconf 88' lang='lat' dir='ltr'>adeo</span> 
     </span>
     <span class='ocr_line' id='line_1_13' title="bbox 69 1584 1138 1675; baseline -0.003 -22"><span class='ocrx_word' id='word_1_91' title='bbox 69 1588 177 1653; x_wconf 87' lang='lat' dir='ltr'>multis</span> <span class='ocrx_word' id='word_1_92' title='bbox 193 1604 264 1652; x_wconf 89' lang='lat' dir='ltr'>erat</span> <span class='ocrx_word' id='word_1_93' title='bbox 279 1587 396 1675; x_wconf 86' lang='lat' dir='ltr'>praeliis</span> <span class='ocrx_word' id='word_1_94' title='bbox 411 1586 589 1667; x_wconf 90' lang='lat' dir='ltr'>diminuta,</span> <span class='ocrx_word' id='word_1_95' title='bbox 603 1601 642 1649; x_wconf 92' lang='lat' dir='ltr'>ut</span> <span class='ocrx_word' id='word_1_96' title='bbox 654 1586 764 1649; x_wconf 90' lang='lat' dir='ltr'>minus</span> <span class='ocrx_word' id='word_1_97' title='bbox 781 1585 867 1648; x_wconf 92' lang='lat' dir='ltr'>mille</span> <span class='ocrx_word' id='word_1_98' title='bbox 881 1584 1021 1648; x_wconf 90' lang='lat' dir='ltr'>militum</span> <span class='ocrx_word' id='word_1_99' title='bbox 1035 1584 1138 1650; x_wconf 92' lang='lat' dir='ltr'>habe·</span> 
     </span>
     <span class='ocr_line' id='line_1_14' title="bbox 67 1686 1138 1777; baseline -0.004 -23"><span class='ocrx_word' id='word_1_100' title='bbox 67 1706 131 1771; x_wconf 89' lang='lat' dir='ltr'>ret;</span> <span class='ocrx_word' id='word_1_101' title='bbox 149 1689 294 1770; x_wconf 76' lang='lat' dir='ltr'>Deiotari</span> <span class='ocrx_word' id='word_1_102' title='bbox 308 1689 410 1777; x_wconf 90' lang='lat' dir='ltr'>legio,</span> <span class='ocrx_word' id='word_1_103' title='bbox 430 1710 491 1751; x_wconf 91' lang='lat' dir='ltr'>nec</span> <span class='ocrx_word' id='word_1_104' title='bbox 503 1708 622 1777; x_wconf 88' lang='lat' dir='ltr'>genere</span> <span class='ocrx_word' id='word_1_105' title='bbox 636 1687 830 1768; x_wconf 89' lang='lat' dir='ltr'>hominum,</span> <span class='ocrx_word' id='word_1_106' title='bbox 849 1709 911 1751; x_wconf 90' lang='lat' dir='ltr'>nec</span> <span class='ocrx_word' id='word_1_107' title='bbox 928 1710 992 1750; x_wconf 86' lang='lat' dir='ltr'>usu</span> <span class='ocrx_word' id='word_1_108' title='bbox 1012 1686 1060 1750; x_wconf 92' lang='lat' dir='ltr'>rei</span> <span class='ocrx_word' id='word_1_109' title='bbox 1077 1687 1138 1750; x_wconf 89' lang='lat' dir='ltr'>mi·</span> 
     </span>
     <span class='ocr_line' id='line_1_15' title="bbox 63 1789 1136 1877; baseline -0.003 -22"><span class='ocrx_word' id='word_1_110' title='bbox 63 1791 165 1856; x_wconf 75' lang='lat' dir='ltr'>literis</span> <span class='ocrx_word' id='word_1_111' title='bbox 182 1791 379 1857; x_wconf 82' lang='lat' dir='ltr'>censebatur</span> <span class='ocrx_word' id='word_1_112' title='bbox 396 1789 501 1855; x_wconf 89' lang='lat' dir='ltr'>:duas</span> <span class='ocrx_word' id='word_1_113' title='bbox 520 1789 660 1853; x_wconf 86' lang='lat' dir='ltr'>habebat</span> <span class='ocrx_word' id='word_1_114' title='bbox 675 1804 845 1877; x_wconf 85' lang='lat' dir='ltr'>praeterea,</span> <span class='ocrx_word' id='word_1_115' title='bbox 862 1811 935 1874; x_wconf 82' lang='lat' dir='ltr'>quae</span> <span class='ocrx_word' id='word_1_116' title='bbox 951 1810 1059 1876; x_wconf 87' lang='lat' dir='ltr'>nuper</span> <span class='ocrx_word' id='word_1_117' title='bbox 1073 1789 1136 1852; x_wconf 87' lang='lat' dir='ltr'>sub</span> 
     </span>
     <span class='ocr_line' id='line_1_16' title="bbox 62 1889 1135 1981; baseline -0.005 -24"><span class='ocrx_word' id='word_1_118' title='bbox 62 1894 209 1959; x_wconf 88' lang='lat' dir='ltr'>Domitio</span> <span class='ocrx_word' id='word_1_119' title='bbox 232 1894 357 1959; x_wconf 86' lang='lat' dir='ltr'>cladem</span> <span class='ocrx_word' id='word_1_120' title='bbox 380 1915 480 1981; x_wconf 82' lang='lat' dir='ltr'>paasae</span> <span class='ocrx_word' id='word_1_121' title='bbox 504 1907 605 1956; x_wconf 90' lang='lat' dir='ltr'>erant.</span> <span class='ocrx_word' id='word_1_122' title='bbox 626 1893 750 1973; x_wconf 84' lang='lat' dir='ltr'>Caesar,</span> <span class='ocrx_word' id='word_1_123' title='bbox 773 1891 895 1978; x_wconf 87' lang='lat' dir='ltr'>legatos</span> <span class='ocrx_word' id='word_1_124' title='bbox 922 1889 1058 1953; x_wconf 89' lang='lat' dir='ltr'>mitibus</span> <span class='ocrx_word' id='word_1_125' title='bbox 1082 1913 1135 1952; x_wconf 89' lang='lat' dir='ltr'>re·</span> 
     </span>
     <span class='ocr_line' id='line_1_17' title="bbox 59 1991 1134 2083; baseline -0.004 -23"><span class='ocrx_word' id='word_1_126' title='bbox 59 1996 191 2083; x_wconf 81' lang='lat' dir='ltr'>sponsis</span> <span class='ocrx_word' id='word_1_127' title='bbox 213 1993 416 2076; x_wconf 86' lang='lat' dir='ltr'>ludificatus,</span> <span class='ocrx_word' id='word_1_128' title='bbox 440 1993 522 2056; x_wconf 90' lang='lat' dir='ltr'>nihil</span> <span class='ocrx_word' id='word_1_129' title='bbox 545 1992 587 2056; x_wconf 90' lang='lat' dir='ltr'>de</span> <span class='ocrx_word' id='word_1_130' title='bbox 609 1992 782 2055; x_wconf 87' lang='lat' dir='ltr'>velocitate·</span> <span class='ocrx_word' id='word_1_131' title='bbox 794 1991 919 2054; x_wconf 91' lang='lat' dir='ltr'>itineris</span> <span class='ocrx_word' id='word_1_132' title='bbox 938 1991 1134 2057; x_wconf 89' lang='lat' dir='ltr'>remittebat.</span> 
     </span>
     <span class='ocr_line' id='line_1_18' title="bbox 59 2092 1136 2184; baseline -0.003 -25"><span class='ocrx_word' id='word_1_133' title='bbox 59 2096 177 2179; x_wconf 90' lang='lat' dir='ltr'>Quum</span> <span class='ocrx_word' id='word_1_134' title='bbox 191 2096 270 2178; x_wconf 89' lang='lat' dir='ltr'>uni,</span> <span class='ocrx_word' id='word_1_135' title='bbox 287 2118 392 2184; x_wconf 92' lang='lat' dir='ltr'>quum</span> <span class='ocrx_word' id='word_1_136' title='bbox 405 2094 497 2159; x_wconf 90' lang='lat' dir='ltr'>alteri</span> <span class='ocrx_word' id='word_1_137' title='bbox 513 2109 657 2159; x_wconf 91' lang='lat' dir='ltr'>oratores</span> <span class='ocrx_word' id='word_1_138' title='bbox 671 2093 717 2157; x_wconf 91' lang='lat' dir='ltr'>sic</span> <span class='ocrx_word' id='word_1_139' title='bbox 730 2092 771 2156; x_wconf 87' lang='lat' dir='ltr'>ad</span> <span class='ocrx_word' id='word_1_140' title='bbox 782 2115 891 2181; x_wconf 86' lang='lat' dir='ltr'>regem</span> <span class='ocrx_word' id='word_1_141' title='bbox 905 2092 1082 2174; x_wconf 89' lang='lat' dir='ltr'>redissent,</span> <span class='ocrx_word' id='word_1_142' title='bbox 1097 2106 1136 2156; x_wconf 89' lang='lat' dir='ltr'>ut</span> 
     </span>
     <span class='ocr_line' id='line_1_19' title="bbox 55 2193 1136 2286; baseline -0.003 -24"><span class='ocrx_word' id='word_1_143' title='bbox 55 2198 160 2262; x_wconf 80' lang='lat' dir='ltr'>verba</span> <span class='ocrx_word' id='word_1_144' title='bbox 169 2198 301 2262; x_wconf 74' lang='lat' dir='ltr'>Caesaris</span> <span class='ocrx_word' id='word_1_145' title='bbox 312 2196 354 2264; x_wconf 86' lang='lat' dir='ltr'>ad</span> <span class='ocrx_word' id='word_1_146' title='bbox 365 2219 494 2286; x_wconf 89' lang='lat' dir='ltr'>pacem,</span> <span class='ocrx_word' id='word_1_147' title='bbox 510 2196 673 2259; x_wconf 87' lang='lat' dir='ltr'>festinatio</span> <span class='ocrx_word' id='word_1_148' title='bbox 687 2193 728 2258; x_wconf 90' lang='lat' dir='ltr'>ad</span> <span class='ocrx_word' id='word_1_149' title='bbox 742 2195 864 2258; x_wconf 89' lang='lat' dir='ltr'>bollum</span> <span class='ocrx_word' id='word_1_150' title='bbox 875 2243 884 2277; x_wconf 95' lang='lat'>,</span> <span class='ocrx_word' id='word_1_151' title='bbox 897 2212 1042 2283; x_wconf 87' lang='lat' dir='ltr'>spectare</span> <span class='ocrx_word' id='word_1_152' title='bbox 1050 2194 1136 2260; x_wconf 84' lang='lat' dir='ltr'>vide·</span> 
     </span>
     <span class='ocr_line' id='line_1_20' title="bbox 54 2297 1134 2386; baseline -0.002 -23"><span class='ocrx_word' id='word_1_153' title='bbox 54 2314 194 2382; x_wconf 85' lang='lat' dir='ltr'>rentur,</span> <span class='ocrx_word' id='word_1_154' title='bbox 211 2300 307 2365; x_wconf 86' lang='lat' dir='ltr'>tertia</span> <span class='ocrx_word' id='word_1_155' title='bbox 324 2298 441 2386; x_wconf 83' lang='lat' dir='ltr'>legatio</span> <span class='ocrx_word' id='word_1_156' title='bbox 457 2298 563 2379; x_wconf 85' lang='lat' dir='ltr'>venit,</span> <span class='ocrx_word' id='word_1_157' title='bbox 579 2320 711 2360; x_wconf 89' lang='lat' dir='ltr'>auream</span> <span class='ocrx_word' id='word_1_158' title='bbox 726 2319 881 2359; x_wconf 89' lang='lat' dir='ltr'>coronam</span> <span class='ocrx_word' id='word_1_159' title='bbox 901 2297 1058 2378; x_wconf 83' lang='lat' dir='ltr'>afferens,</span> <span class='ocrx_word' id='word_1_160' title='bbox 1079 2320 1134 2385; x_wconf 91' lang='lat' dir='ltr'>pe-</span> 
     </span>
     <span class='ocr_line' id='line_1_21' title="bbox 52 2398 1051 2489; baseline -0.002 -24"><span class='ocrx_word' id='word_1_161' title='bbox 52 2404 217 2489; x_wconf 80' lang='lat' dir='ltr'>tensque,</span> <span class='ocrx_word' id='word_1_162' title='bbox 233 2417 272 2464; x_wconf 91' lang='lat' dir='ltr'>ut</span> <span class='ocrx_word' id='word_1_163' title='bbox 286 2401 365 2465; x_wconf 87' lang='lat' dir='ltr'>socii</span> <span class='ocrx_word' id='word_1_164' title='bbox 378 2416 475 2488; x_wconf 90' lang='lat' dir='ltr'>atque</span> <span class='ocrx_word' id='word_1_165' title='bbox 487 2400 582 2463; x_wconf 91' lang='lat' dir='ltr'>amici</span> <span class='ocrx_word' id='word_1_166' title='bbox 595 2400 679 2488; x_wconf 88' lang='lat' dir='ltr'>regis</span> <span class='ocrx_word' id='word_1_167' title='bbox 696 2398 821 2462; x_wconf 92' lang='lat' dir='ltr'>donum</span> <span class='ocrx_word' id='word_1_168' title='bbox 839 2400 1051 2487; x_wconf 86' lang='lat' dir='ltr'>acciperetur.</span> 
     </span>
    </p>

    <p class='ocr_par' dir='ltr' id='par_1_5' title="bbox 47 2501 1133 4009">
     <span class='ocr_line' id='line_1_22' title="bbox 102 2501 1132 2592; baseline 0 -27"><span class='ocrx_word' id='word_1_169' title='bbox 102 2503 163 2567; x_wconf 88' lang='lat' dir='ltr'>XI.</span> <span class='ocrx_word' id='word_1_170' title='bbox 177 2503 318 2592; x_wconf 82' lang='lat' dir='ltr'>«Neque</span> <span class='ocrx_word' id='word_1_171' title='bbox 330 2504 419 2566; x_wconf 90' lang='lat' dir='ltr'>enim</span> <span class='ocrx_word' id='word_1_172' title='bbox 433 2503 538 2565; x_wconf 89' lang='lat' dir='ltr'>ullum</span> <span class='ocrx_word' id='word_1_173' title='bbox 550 2501 703 2566; x_wconf 86' lang='lat' dir='ltr'>adversus</span> <span class='ocrx_word' id='word_1_174' title='bbox 717 2505 873 2565; x_wconf 83' lang='lat' dir='ltr'>Caesarem</span> <span class='ocrx_word' id='word_1_175' title='bbox 888 2502 1062 2567; x_wconf 85' lang='lat' dir='ltr'>Pharnacis</span> <span class='ocrx_word' id='word_1_176' title='bbox 1073 2501 1132 2566; x_wconf 90' lang='lat' dir='ltr'>de·</span> 
     </span>
     <span class='ocr_line' id='line_1_23' title="bbox 51 2603 1133 2691; baseline 0.002 -24"><span class='ocrx_word' id='word_1_177' title='bbox 51 2603 198 2668; x_wconf 85' lang='lat' dir='ltr'>«lictum</span> <span class='ocrx_word' id='word_1_178' title='bbox 214 2621 356 2684; x_wconf 79' lang='lat' dir='ltr'>exstare,</span> <span class='ocrx_word' id='word_1_179' title='bbox 369 2604 431 2667; x_wconf 90' lang='lat' dir='ltr'>nisi</span> <span class='ocrx_word' id='word_1_180' title='bbox 442 2603 533 2691; x_wconf 91' lang='lat' dir='ltr'>quod</span> <span class='ocrx_word' id='word_1_181' title='bbox 548 2620 662 2667; x_wconf 89' lang='lat' dir='ltr'>contra</span> <span class='ocrx_word' id='word_1_182' title='bbox 673 2604 738 2666; x_wconf 92' lang='lat' dir='ltr'>vim</span> <span class='ocrx_word' id='word_1_183' title='bbox 751 2603 874 2667; x_wconf 87' lang='lat' dir='ltr'>Calvini</span> <span class='ocrx_word' id='word_1_184' title='bbox 885 2603 938 2683; x_wconf 90' lang='lat' dir='ltr'>jus</span> <span class='ocrx_word' id='word_1_185' title='bbox 952 2627 1049 2668; x_wconf 90' lang='lat' dir='ltr'>suum</span> <span class='ocrx_word' id='word_1_186' title='bbox 1061 2627 1133 2669; x_wconf 86' lang='lat' dir='ltr'>coa·</span> 
     </span>
     <span class='ocr_line' id='line_1_24' title="bbox 51 2705 1130 2794; baseline 0 -23"><span class='ocrx_word' id='word_1_187' title='bbox 51 2738 69 2763; x_wconf 83' lang='grc' dir='ltr'>ι</span> <span class='ocrx_word' id='word_1_188' title='bbox 79 2722 156 2771; x_wconf 82' lang='lat' dir='ltr'>etus</span> <span class='ocrx_word' id='word_1_189' title='bbox 168 2705 361 2789; x_wconf 84' lang='lat' dir='ltr'>defendere,</span> <span class='ocrx_word' id='word_1_190' title='bbox 379 2729 483 2794; x_wconf 92' lang='lat' dir='ltr'>quum</span> <span class='ocrx_word' id='word_1_191' title='bbox 497 2707 659 2769; x_wconf 88' lang='lat' dir='ltr'>abstinere</span> <span class='ocrx_word' id='word_1_192' title='bbox 676 2705 761 2769; x_wconf 90' lang='lat' dir='ltr'>bello</span> <span class='ocrx_word' id='word_1_193' title='bbox 775 2707 808 2769; x_wconf 94' lang='lat' dir='ltr'>in</span> <span class='ocrx_word' id='word_1_194' title='bbox 823 2722 930 2771; x_wconf 92' lang='lat' dir='ltr'>totum</span> <span class='ocrx_word' id='word_1_195' title='bbox 946 2707 1130 2787; x_wconf 86' lang='lat' dir='ltr'>maluisset,</span> 
     </span>
     <span class='ocr_line' id='line_1_25' title="bbox 52 2807 1129 2898; baseline 0 -26"><span class='ocrx_word' id='word_1_196' title='bbox 52 2807 234 2888; x_wconf 72' lang='lat' dir='ltr'>cinjuriam</span> <span class='ocrx_word' id='word_1_197' title='bbox 250 2809 455 2898; x_wconf 90' lang='lat' dir='ltr'>propulsarit.</span> <span class='ocrx_word' id='word_1_198' title='bbox 475 2809 599 2890; x_wconf 90' lang='lat' dir='ltr'>Quanti</span> <span class='ocrx_word' id='word_1_199' title='bbox 616 2808 704 2871; x_wconf 88' lang='lat' dir='ltr'>enim</span> <span class='ocrx_word' id='word_1_200' title='bbox 721 2808 834 2872; x_wconf 80' lang='lat' dir='ltr'>lecerit</span> <span class='ocrx_word' id='word_1_201' title='bbox 851 2809 1025 2873; x_wconf 87' lang='lat' dir='ltr'>amicitiam</span> <span class='ocrx_word' id='word_1_202' title='bbox 1039 2826 1129 2872; x_wconf 89' lang='lat' dir='ltr'>tuam</span> 
     </span>
     <span class='ocr_line' id='line_1_26' title="bbox 52 2908 1129 2999; baseline 0.001 -27"><span class='ocrx_word' id='word_1_203' title='bbox 52 2909 332 2999; x_wconf 75' lang='lat' dir='ltr'>·(inquieb1mt),</span> <span class='ocrx_word' id='word_1_204' title='bbox 347 2931 413 2998; x_wconf 92' lang='lat' dir='ltr'>quo</span> <span class='ocrx_word' id='word_1_205' title='bbox 437 2910 499 2973; x_wconf 89' lang='lat' dir='ltr'>alio</span> <span class='ocrx_word' id='word_1_206' title='bbox 522 2910 657 2973; x_wconf 84' lang='lat' dir='ltr'>clariore</span> <span class='ocrx_word' id='word_1_207' title='bbox 678 2908 877 2973; x_wconf 89' lang='lat' dir='ltr'>documento</span> <span class='ocrx_word' id='word_1_208' title='bbox 899 2911 1053 2999; x_wconf 83' lang='lat' dir='ltr'>cognosci</span> <span class='ocrx_word' id='word_1_209' title='bbox 1069 2933 1129 2998; x_wconf 90' lang='lat' dir='ltr'>po·</span> 
     </span>
     <span class='ocr_line' id='line_1_27' title="bbox 51 3011 1128 3100; baseline 0 -25"><span class='ocrx_word' id='word_1_210' title='bbox 51 3011 164 3093; x_wconf 80' lang='lat' dir='ltr'>«mit,</span> <span class='ocrx_word' id='word_1_211' title='bbox 183 3034 282 3099; x_wconf 86' lang='lat' dir='ltr'>qnam</span> <span class='ocrx_word' id='word_1_212' title='bbox 299 3011 391 3100; x_wconf 94' lang='lat' dir='ltr'>quod</span> <span class='ocrx_word' id='word_1_213' title='bbox 405 3011 522 3074; x_wconf 86' lang='lat' dir='ltr'>auxilia</span> <span class='ocrx_word' id='word_1_214' title='bbox 537 3012 660 3098; x_wconf 86' lang='lat' dir='ltr'>petenti</span> <span class='ocrx_word' id='word_1_215' title='bbox 676 3011 835 3098; x_wconf 90' lang='lat' dir='ltr'>Pompeio</span> <span class='ocrx_word' id='word_1_216' title='bbox 852 3011 941 3074; x_wconf 86' lang='lat' dir='ltr'>nulla</span> <span class='ocrx_word' id='word_1_217' title='bbox 958 3013 1064 3092; x_wconf 82' lang='lat' dir='ltr'>misit3</span> <span class='ocrx_word' id='word_1_218' title='bbox 1078 3027 1128 3075; x_wconf 90' lang='lat' dir='ltr'>at·</span> 
     </span>
     <span class='ocr_line' id='line_1_28' title="bbox 47 3112 1127 3201; baseline 0.002 -26"><span class='ocrx_word' id='word_1_219' title='bbox 47 3134 144 3201; x_wconf 83' lang='lat' dir='ltr'>«que</span> <span class='ocrx_word' id='word_1_220' title='bbox 157 3117 188 3176; x_wconf 91' lang='lat' dir='ltr'>ei</span> <span class='ocrx_word' id='word_1_221' title='bbox 203 3112 379 3201; x_wconf 89' lang='lat' dir='ltr'>Pompeio,</span> <span class='ocrx_word' id='word_1_222' title='bbox 399 3116 492 3193; x_wconf 86' lang='lat' dir='ltr'>cujus</span> <span class='ocrx_word' id='word_1_223' title='bbox 514 3128 546 3176; x_wconf 89' lang='lat' dir='ltr'>et</span> <span class='ocrx_word' id='word_1_224' title='bbox 562 3113 595 3175; x_wconf 92' lang='lat' dir='ltr'>in</span> <span class='ocrx_word' id='word_1_225' title='bbox 619 3135 653 3176; x_wconf 90' lang='lat' dir='ltr'>se</span> <span class='ocrx_word' id='word_1_226' title='bbox 673 3112 915 3194; x_wconf 83' lang='lat' dir='ltr'>liberalitatem,</span> <span class='ocrx_word' id='word_1_227' title='bbox 934 3130 967 3177; x_wconf 91' lang='lat' dir='ltr'>et</span> <span class='ocrx_word' id='word_1_228' title='bbox 983 3115 1016 3177; x_wconf 86' lang='lat' dir='ltr'>in</span> <span class='ocrx_word' id='word_1_229' title='bbox 1036 3130 1127 3201; x_wconf 89' lang='lat' dir='ltr'>patre</span> 
     </span>
     <span class='ocr_line' id='line_1_29' title="bbox 48 3215 1126 3304; baseline 0 -25"><span class='ocrx_word' id='word_1_230' title='bbox 48 3216 145 3279; x_wconf 78' lang='lat' dir='ltr'>«rim</span> <span class='ocrx_word' id='word_1_231' title='bbox 167 3232 267 3303; x_wconf 90' lang='lat' dir='ltr'>atque</span> <span class='ocrx_word' id='word_1_232' title='bbox 287 3216 468 3303; x_wconf 88' lang='lat' dir='ltr'>potentiam</span> <span class='ocrx_word' id='word_1_233' title='bbox 488 3215 619 3304; x_wconf 89' lang='lat' dir='ltr'>largiter</span> <span class='ocrx_word' id='word_1_234' title='bbox 638 3231 707 3278; x_wconf 89' lang='lat' dir='ltr'>erat</span> <span class='ocrx_word' id='word_1_235' title='bbox 730 3232 891 3303; x_wconf 87' lang='lat' dir='ltr'>expertus.</span> <span class='ocrx_word' id='word_1_236' title='bbox 915 3216 983 3298; x_wconf 88' lang='lat' dir='ltr'>Qui</span> <span class='ocrx_word' id='word_1_237' title='bbox 1005 3216 1126 3304; x_wconf 90' lang='lat' dir='ltr'>igitur,</span> 
     </span>
     <span class='ocr_line' id='line_1_30' title="bbox 47 3315 1127 3406; baseline 0 -25"><span class='ocrx_word' id='word_1_238' title='bbox 47 3315 260 3381; x_wconf 82' lang='lat' dir='ltr'>«adversario</span> <span class='ocrx_word' id='word_1_239' title='bbox 272 3333 332 3379; x_wconf 90' lang='lat' dir='ltr'>tuo</span> <span class='ocrx_word' id='word_1_240' title='bbox 348 3318 489 3397; x_wconf 82' lang='lat' dir='ltr'>victore,</span> <span class='ocrx_word' id='word_1_241' title='bbox 505 3339 547 3378; x_wconf 89' lang='lat' dir='ltr'>ne</span> <span class='ocrx_word' id='word_1_242' title='bbox 564 3318 672 3379; x_wconf 83' lang='lat' dir='ltr'>vivere</span> <span class='ocrx_word' id='word_1_243' title='bbox 687 3316 838 3403; x_wconf 90' lang='lat' dir='ltr'>quidem,</span> <span class='ocrx_word' id='word_1_244' title='bbox 856 3316 978 3382; x_wconf 89' lang='lat' dir='ltr'>nedum</span> <span class='ocrx_word' id='word_1_245' title='bbox 992 3339 1127 3406; x_wconf 89' lang='lat' dir='ltr'>regnare</span> 
     </span>
     <span class='ocr_line' id='line_1_31' title="bbox 47 3419 1125 3508; baseline 0 -25"><span class='ocrx_word' id='word_1_246' title='bbox 47 3450 63 3475; x_wconf 76' lang='grc' dir='ltr'>ι</span> <span class='ocrx_word' id='word_1_247' title='bbox 72 3420 246 3508; x_wconf 83' lang='lat' dir='ltr'>potuisset,</span> <span class='ocrx_word' id='word_1_248' title='bbox 258 3441 335 3484; x_wconf 91' lang='lat' dir='ltr'>eum</span> <span class='ocrx_word' id='word_1_249' title='bbox 346 3433 405 3481; x_wconf 88' lang='lat' dir='ltr'>ate</span> <span class='ocrx_word' id='word_1_250' title='bbox 417 3419 600 3481; x_wconf 88' lang='lat' dir='ltr'>conservari</span> <span class='ocrx_word' id='word_1_251' title='bbox 612 3440 743 3504; x_wconf 78' lang='lat' dir='ltr'>aequum</span> <span class='ocrx_word' id='word_1_252' title='bbox 756 3432 821 3500; x_wconf 82' lang='lat' dir='ltr'>est3</span> <span class='ocrx_word' id='word_1_253' title='bbox 833 3419 1010 3505; x_wconf 80' lang='lat' dir='ltr'>praesertim</span> <span class='ocrx_word' id='word_1_254' title='bbox 1022 3441 1125 3505; x_wconf 91' lang='lat' dir='ltr'>quum</span> 
     </span>
     <span class='ocr_line' id='line_1_32' title="bbox 48 3519 1124 3610; baseline 0.001 -26"><span class='ocrx_word' id='word_1_255' title='bbox 48 3543 136 3610; x_wconf 82' lang='lat' dir='ltr'>·pro</span> <span class='ocrx_word' id='word_1_256' title='bbox 153 3520 293 3584; x_wconf 90' lang='lat' dir='ltr'>mirabili</span> <span class='ocrx_word' id='word_1_257' title='bbox 319 3535 375 3582; x_wconf 89' lang='lat' dir='ltr'>tua</span> <span class='ocrx_word' id='word_1_258' title='bbox 396 3520 567 3582; x_wconf 89' lang='lat' dir='ltr'>clementia</span> <span class='ocrx_word' id='word_1_259' title='bbox 590 3519 630 3581; x_wconf 88' lang='lat' dir='ltr'>iis</span> <span class='ocrx_word' id='word_1_260' title='bbox 649 3520 746 3583; x_wconf 88' lang='lat' dir='ltr'>ctiam</span> <span class='ocrx_word' id='word_1_261' title='bbox 767 3521 947 3608; x_wconf 86' lang='lat' dir='ltr'>ignoveris,</span> <span class='ocrx_word' id='word_1_262' title='bbox 969 3522 1124 3608; x_wconf 89' lang='lat' dir='ltr'>aquibus</span> 
     </span>
     <span class='ocr_line' id='line_1_33' title="bbox 49 3621 1124 3709; baseline 0.003 -24"><span class='ocrx_word' id='word_1_263' title='bbox 49 3621 251 3686; x_wconf 79' lang='lat' dir='ltr'>«durissimo</span> <span class='ocrx_word' id='word_1_264' title='bbox 268 3637 326 3684; x_wconf 92' lang='lat' dir='ltr'>tuo</span> <span class='ocrx_word' id='word_1_265' title='bbox 345 3636 493 3708; x_wconf 89' lang='lat' dir='ltr'>tempore</span> <span class='ocrx_word' id='word_1_266' title='bbox 511 3643 544 3685; x_wconf 88' lang='lat' dir='ltr'>cs</span> <span class='ocrx_word' id='word_1_267' title='bbox 563 3638 782 3709; x_wconf 86' lang='lat' dir='ltr'>oppugnatus.</span> <span class='ocrx_word' id='word_1_268' title='bbox 802 3622 883 3704; x_wconf 90' lang='lat' dir='ltr'>Quis</span> <span class='ocrx_word' id='word_1_269' title='bbox 903 3623 1049 3687; x_wconf 88' lang='lat' dir='ltr'>acerbior</span> <span class='ocrx_word' id='word_1_270' title='bbox 1064 3625 1124 3689; x_wconf 90' lang='lat' dir='ltr'>tibi</span> 
     </span>
     <span class='ocr_line' id='line_1_34' title="bbox 49 3722 1123 3812; baseline 0.002 -25"><span class='ocrx_word' id='word_1_271' title='bbox 49 3723 195 3805; x_wconf 80' lang='lat' dir='ltr'>«bostis,</span> <span class='ocrx_word' id='word_1_272' title='bbox 217 3746 316 3812; x_wconf 87' lang='lat' dir='ltr'>quarn</span> <span class='ocrx_word' id='word_1_273' title='bbox 333 3723 504 3803; x_wconf 90' lang='lat' dir='ltr'>Dejotarus</span> <span class='ocrx_word' id='word_1_274' title='bbox 524 3722 669 3785; x_wconf 83' lang='lat' dir='ltr'>exstitit?</span> <span class='ocrx_word' id='word_1_275' title='bbox 684 3722 741 3810; x_wconf 91' lang='lat' dir='ltr'>qui</span> <span class='ocrx_word' id='word_1_276' title='bbox 766 3746 833 3786; x_wconf 93' lang='lat' dir='ltr'>non</span> <span class='ocrx_word' id='word_1_277' title='bbox 857 3740 1031 3789; x_wconf 87' lang='lat' dir='ltr'>contentus</span> <span class='ocrx_word' id='word_1_278' title='bbox 1049 3726 1123 3789; x_wconf 91' lang='lat' dir='ltr'>mit-</span> 
     </span>
     <span class='ocr_line' id='line_1_35' title="bbox 49 3823 1123 3914; baseline -0.002 -25"><span class='ocrx_word' id='word_1_279' title='bbox 49 3840 142 3889; x_wconf 79' lang='lat' dir='ltr'>·tere</span> <span class='ocrx_word' id='word_1_280' title='bbox 161 3841 300 3914; x_wconf 87' lang='lat' dir='ltr'>quantas</span> <span class='ocrx_word' id='word_1_281' title='bbox 323 3825 460 3887; x_wconf 93' lang='lat' dir='ltr'>omnino</span> <span class='ocrx_word' id='word_1_282' title='bbox 477 3823 585 3911; x_wconf 88' lang='lat' dir='ltr'>potuit</span> <span class='ocrx_word' id='word_1_283' title='bbox 608 3824 734 3911; x_wconf 88' lang='lat' dir='ltr'>copias,</span> <span class='ocrx_word' id='word_1_284' title='bbox 756 3824 825 3912; x_wconf 88' lang='lat' dir='ltr'>ipse</span> <span class='ocrx_word' id='word_1_285' title='bbox 843 3824 885 3888; x_wconf 91' lang='lat' dir='ltr'>ad</span> <span class='ocrx_word' id='word_1_286' title='bbox 901 3826 1023 3890; x_wconf 88' lang='lat' dir='ltr'>bellum</span> <span class='ocrx_word' id='word_1_287' title='bbox 1046 3848 1123 3912; x_wconf 92' lang='lat' dir='ltr'>pro·</span> 
     </span>
     <span class='ocr_line' id='line_1_36' title="bbox 48 3925 1122 4009; baseline 0.002 -19"><span class='ocrx_word' id='word_1_288' title='bbox 48 3925 175 3991; x_wconf 57' lang='lat' dir='ltr'>dectus</span> <span class='ocrx_word' id='word_1_289' title='bbox 197 3941 265 4009; x_wconf 91' lang='lat' dir='ltr'>est,</span> <span class='ocrx_word' id='word_1_290' title='bbox 286 3926 350 3990; x_wconf 89' lang='lat' dir='ltr'>hao</span> <span class='ocrx_word' id='word_1_291' title='bbox 368 3940 479 4005; x_wconf 82' lang='lat' dir='ltr'>oetate,</span> <span class='ocrx_word' id='word_1_292' title='bbox 501 3925 594 4005; x_wconf 78' lang='lat' dir='ltr'>cnjus</span> <span class='ocrx_word' id='word_1_293' title='bbox 620 3927 846 4009; x_wconf 86' lang='lat' dir='ltr'>excusatione,</span> <span class='ocrx_word' id='word_1_294' title='bbox 870 3929 896 3991; x_wconf 95' lang='lat' dir='ltr'>si</span> <span class='ocrx_word' id='word_1_295' title='bbox 922 3950 988 3991; x_wconf 93' lang='lat' dir='ltr'>non</span> <span class='ocrx_word' id='word_1_296' title='bbox 1012 3951 1069 3991; x_wconf 87' lang='lat' dir='ltr'>rex</span> <span class='ocrx_word' id='word_1_297' title='bbox 1089 3944 1122 3992; x_wconf 87' lang='lat' dir='ltr'>et</span> 
     </span>
    </p>
   </div>
   <div class='ocr_carea' id='block_1_4' title="bbox 83 4110 1038 4181">
    <p class='ocr_par' dir='ltr' id='par_1_6' title="bbox 83 4110 1038 4181">
     <span class='ocr_line' id='line_1_37' title="bbox 83 4110 1038 4181; baseline -0.002 -18"><span class='ocrx_word' id='word_1_298' title='bbox 83 4112 100 4181; x_wconf 74' lang='lat' dir='ltr'>s</span> <span class='ocrx_word' id='word_1_299' title='bbox 112 4114 158 4163; x_wconf 82' lang='lat' dir='ltr'>lx.</span> <span class='ocrx_word' id='word_1_300' title='bbox 171 4116 234 4162; x_wconf 81' lang='lat' dir='ltr'>llirt.</span> <span class='ocrx_word' id='word_1_301' title='bbox 247 4140 282 4151; x_wconf 91' lang='lat'>-</span> <span class='ocrx_word' id='word_1_302' title='bbox 293 4114 350 4161; x_wconf 88' lang='lat' dir='ltr'>Dio.</span> <span class='ocrx_word' id='word_1_303' title='bbox 364 4141 396 4150; x_wconf 93' lang='lat'>-</span> <span class='ocrx_word' id='word_1_304' title='bbox 410 4110 469 4176; x_wconf 67' lang='lat' dir='ltr'>§lh</span> <span class='ocrx_word' id='word_1_305' title='bbox 484 4114 542 4161; x_wconf 90' lang='lat' dir='ltr'>Dio.</span> <span class='ocrx_word' id='word_1_306' title='bbox 556 4140 588 4150; x_wconf 91' lang='lat'>-</span> <span class='ocrx_word' id='word_1_307' title='bbox 599 4113 664 4161; x_wconf 85' lang='lat' dir='ltr'>Hirt.</span> <span class='ocrx_word' id='word_1_308' title='bbox 679 4142 714 4151; x_wconf 92' lang='lat'>-</span> <span class='ocrx_word' id='word_1_309' title='bbox 727 4114 835 4180; x_wconf 77' lang='lat' dir='ltr'>Appian.</span> <span class='ocrx_word' id='word_1_310' title='bbox 848 4115 876 4162; x_wconf 85' lang='lat' dir='ltr'>B.</span> <span class='ocrx_word' id='word_1_311' title='bbox 886 4112 941 4163; x_wconf 81' lang='lat' dir='ltr'>Cir.</span> <span class='ocrx_word' id='word_1_312' title='bbox 952 4112 994 4162; x_wconf 87' lang='lat' dir='ltr'>lib.</span> <span class='ocrx_word' id='word_1_313' title='bbox 1005 4114 1038 4161; x_wconf 90' lang='lat'>11.</span> 
     </span>
    </p>
   </div>
   <div class='ocr_carea' id='block_1_5' title="bbox 0 0 1348 4822">
    <p class='ocr_par' dir='ltr' id='par_1_7' title="bbox 0 0 1348 4822">
     <span class='ocr_line' id='line_1_38' title="bbox 0 0 1348 4822; baseline 0 1"><span class='ocrx_word' id='word_1_314' title='bbox 0 0 1348 4822; x_wconf 95' lang='lat' dir='ltr'> </span> 
     </span>
    </p>
   </div>
  </div>
 </body>
</html>
