2686 4822
297 344 355 414 ΙΝ
385 345 499 414 LOC.
525 345 621 414 LIB.
646 346 781 414 CXIII
810 344 1027 415 Ltvlattl.
1154 343 1202 428 [13

128 467 266 546 Anime,
277 446 322 529 ne
337 463 455 529 codem
464 466 607 532 victoriae
622 467 748 554 impetu
762 488 839 529 cum
853 465 993 546 caeteris,
1006 466 1064 552 qui
1075 465 1110 528 in
1121 488 1202 554 pru·

130 568 238 634 -sidils
247 567 398 657 Pompeii
412 567 566 649 fuissent,
578 566 823 657 profligaretur;
833 582 867 631 et
878 582 916 630 ut
925 567 1065 631 maxime
1076 566 1204 631 fecisset

88 686 90 693 '
129 671 294 735 «insuam
309 669 463 759 gratiam,
478 692 546 733 non
562 668 638 735 ideo
653 691 688 733 se
704 668 835 757 privatis
850 667 975 731 meritis
989 668 1135 756 publicas
1150 669 1203 731 in-

130 772 246 853 «jurias
259 771 461 837 condonare.
479 772 603 835 Tamen
621 772 699 858 quia
715 792 823 857 neque
840 770 980 833 mortuis
995 769 1079 850 vita,
1095 792 1204 856 neque

131 872 282 938 *virilitas
292 873 430 937 exsectis
440 872 568 936 restitui
584 872 704 960 possi13
721 870 812 959 quod
823 871 943 957 possit,
960 870 1136 958 imperare,
1154 872 1203 936 uti

132 974 257 1038 1Ponto
269 974 445 1039 confestim
458 971 608 1056 decedat,
624 972 760 1036 familias
779 972 1029 1060 publicanorum
1044 973 1203 1054 remittat,

134 1092 371 1165 aetatemque
386 1098 488 1164 penes
503 1098 579 1140 eum
595 1091 720 1155 essent,
738 1075 833 1139 sociis
851 1073 1042 1161 civibusque
1060 1076 1203 1139 romanis

133 1192 334 1241 *mutuata

168 1277 243 1343 XV.
258 1276 325 1342 Sed
336 1277 536 1357 Pharnaces,
554 1300 622 1342 non
640 1278 772 1366 ignarus
786 1277 1034 1358 necessitatum,
1048 1302 1108 1366 per
1121 1302 1205 1369 quas

132 1380 244 1445 &sari
264 1378 309 1443 ad
324 1378 449 1444 Urbem
470 1397 539 1444 erat
556 1377 817 1467 properandum,
835 1378 949 1443 callide
965 1401 1078 1468 agere,
1098 1379 1203 1445 diem·

134 1479 386 1570 quedeoedendi
396 1481 578 1570 longiorem
588 1481 774 1568 postulans,
785 1497 818 1543 et
829 1478 971 1544 subinde
981 1496 1111 1544 mutans
1128 1505 1207 1545 con-

133 1580 289 1663 ditiones,
307 1598 439 1670 tempus
458 1582 586 1645 trahere
604 1582 742 1669 occepit.
764 1580 903 1646 Difficile
924 1598 1012 1662 erat,
1035 1582 1203 1647 hominem

132 1705 166 1749 eo
180 1683 338 1773 ingenio,
354 1706 459 1771 eaque
472 1706 583 1747 rerum
601 1683 715 1772 peritia
730 1684 849 1748 fallere.
866 1685 972 1772 Igitur
987 1684 1102 1748 fraude
1116 1686 1205 1750 frau-

132 1782 201 1849 dem
222 1783 361 1849 eludens
380 1786 503 1866 Cesar,
523 1784 604 1849 dum
625 1786 701 1849 alias
720 1785 864 1850 admittit
886 1785 1108 1868 conditiones,
1127 1788 1205 1852 alias

132 1885 251 1970 reiicit,
281 1883 412 1973 decepit
438 1885 659 1967 Pharnacem,
688 1887 845 1975 priusque
875 1887 1041 1951 conseruit
1068 1911 1205 1971 manus,

133 2010 226 2076 qnam
243 1988 420 2076 quisquam
442 1988 630 2076 putavisset.
650 1989 752 2069 Nam,
776 1988 889 2076 positis
905 1989 947 2051 ab
964 1989 1060 2053 hoste
1078 1989 1206 2053 circiter

88 2142 90 2157 .
134 2088 228 2154 millia
239 2110 398 2178 passuum
408 2089 555 2176 quinque
569 2090 699 2169 castris,
714 2091 846 2177 situque
859 2091 1008 2154 locorum
1022 2090 1206 2179 explorato,

133 2192 395 2279 quamproxime
412 2191 455 2255 ad
471 2214 548 2256 eum
564 2192 678 2255 statuit
693 2192 857 2257 accedere.

88 2358 90 2363 ,
170 2294 264 2358 xvl.
288 2292 354 2358 Sed
376 2293 454 2381 quia
472 2293 574 2358 ferme
595 2294 749 2358 eumdem
770 2294 912 2359 habebat
931 2297 1129 2375 exercitum,
1148 2295 1205 2382 qui

88 2378 90 2401 Ι
132 2394 233 2460 vium
251 2417 331 2459 curn
348 2396 495 2485 Domitio
513 2396 637 2478 fuerat,
656 2397 805 2461 oratione
823 2397 964 2461 militum
983 2398 1109 2461 animos
1123 2420 1205 2460 con·

133 2493 307 2561 firmandos
325 2514 415 2561 ratus
432 2497 617 2581 advocavit3
634 2499 805 2586 causisque
824 2498 899 2562 belli
916 2498 1058 2564 breviter
1074 2520 1205 2563 enarra·

134 2597 186 2680 tis,
197 2598 290 2664 «Has
300 2599 417 2689 igitur,
430 2600 557 2688 inquit,
572 2601 700 2665 romani
713 2601 856 2663 nominis
869 2601 1003 2680 injurias
1017 2602 1206 2689 quisquam,

133 2700 206 2763 «cui
222 2698 325 2765 modo
339 2722 456 2765 manus
470 2717 503 2766 et
517 2725 607 2767 arma
623 2702 706 2784 sint,
724 2702 888 2789 patiatur?
903 2701 1026 2767 nedum
1043 2726 1122 2785 nos,
1137 2702 1208 2791 qui·

133 2800 212 2867 «bus
227 2802 354 2884 multo,
372 2826 472 2891 quam
491 2827 580 2868 nunc
599 2826 731 2884 sumus,
748 2804 977 2892 paucioribus,
998 2804 1040 2869 ad
1057 2805 1126 2869 hac
1142 2806 1205 2869 im-

133 2902 271 2990 ·paratis
285 2918 384 2992 atque
401 2905 563 2994 oppressis
579 2905 690 2970 subito
707 2907 870 2987 tumultu,
885 2906 1077 2970 Alexandria
1093 2907 1205 2971 fortis-

133 3005 274 3069 ·sirnum
289 3023 324 3070 et
339 3007 580 3071 nobilissimum
597 3008 775 3095 oppidum,
795 3024 827 3071 et
844 3031 901 3072 rex
917 3009 1022 3071 multo
1039 3009 1209 3096 potentior

134 3105 217 3171 eboc
229 3106 398 3171 Pharnace
410 3109 586 3173 succubuit
601 3131 608 3173 :
621 3109 702 3196 quid
715 3109 804 3172 enim
820 3109 862 3173 ad
873 3108 1053 3198 AEgyptum
1066 3127 1115 3173 est
1125 3112 1206 3174 Bos·

133 3208 276 3297 ·porusi'
291 3232 480 3298 quanquam
497 3212 552 3275 hic
566 3211 664 3275 etiam
678 3214 823 3298 bosporo
840 3210 976 3292 excidit,
997 3226 1207 3299 contemptus

134 3311 336 3399 «pulsusque
351 3335 369 3375 a
383 3313 512 3377 famulis
529 3313 613 3393 suis,
631 3335 692 3375 nec
708 3312 827 3376 fiducia
842 3312 962 3376 virium
978 3313 1013 3375 iu
1029 3313 1137 3377 Ponto
1153 3337 1205 3378 re·

134 3413 289 3494 «sistens,
314 3413 373 3478 sed
397 3414 474 3502 quia
499 3438 607 3503 neque
632 3415 808 3503 procedere
833 3415 935 3479 nostri
960 3431 1072 3497 metu,
1097 3438 1205 3503 neque

134 3513 259 3578 uedire
273 3515 309 3577 in
324 3538 482 3605 regnum,
497 3515 646 3581 Asandro
662 3517 875 3605 prohibente,
891 3533 1008 3605 potest.

173 3617 283 3681 XVII.
295 3620 426 3705 «Atque
440 3619 466 3682 is
479 3618 613 3706 quidem
624 3620 715 3683 bono
730 3620 839 3683 omine
850 3642 902 3683 res
914 3636 1082 3708 gesturum
1097 3637 1205 3708 putat,

134 3716 246 3803 ·quod
268 3741 309 3783 eo
326 3720 400 3784 loco
418 3737 520 3785 eastra
538 3721 664 3810 posuit,
682 3722 772 3787 unde
793 3744 984 3812 progressus
1007 3739 1098 3811 pater
1116 3723 1204 3805 ejus,

132 3818 334 3904 «Triarium,
351 3844 427 3885 cum
445 3824 556 3910 paucis
575 3839 608 3887 et
623 3824 848 3911 incompositis
865 3838 987 3890 temere
1003 3850 1037 3890 sc
1054 3825 1208 3905 objicien*

133 3933 234 4002 ¹tem,
250 3924 430 4011 superavit.
444 3924 509 3989 Sed
528 3925 556 3989 si
576 3948 641 4012 qua
662 3927 809 3989 manium
827 3925 1025 3990 Mithridatis
1044 3926 1112 3990 ullo
1131 3927 1206 3993 loco

165 4113 262 4179 §HR
276 4117 340 4175 uto,
351 4118 397 4166 lib.
405 4119 464 4166 xm
475 4130 501 4167 ct
514 4121 593 4168 xm.
605 4148 637 4157 —
651 4121 716 4169 ltin.
728 4149 763 4159 -
775 4122 791 4186 S
810 4124 867 4171 XV.
884 4122 941 4171 Dio.
952 4148 987 4158 --
999 4121 1062 4169 Hirt.
