2686 4822
240 365 297 434 tn
331 360 709 432 noc.1.m.cx11
741 361 961 431 letANl.
1060 380 1137 460 ‘¹9
1216 336 1221 349 '

59 502 161 576 patrae
173 485 253 549 huic
264 484 387 548 ultimae
398 482 533 572 quidam
545 481 718 570 scriptores
729 482 915 548 vindicant:
928 484 1031 566 major
1042 488 1137 552 edant

60 589 191 652 incuria
206 607 325 650 eorum
343 600 408 665 est,
426 585 483 672 qui
498 583 538 646 ab
555 582 666 647 eadem
685 598 879 649 exstructam
894 601 1010 673 putant
1023 611 1141 678 cogno·

62 690 190 753 minem
205 688 323 753 insulae
337 688 474 766 turrim,
489 682 715 774 magnitudine
730 687 921 769 maximam,
939 704 972 752 et
986 690 1142 780 elegantia

62 789 343 878 pulcherrimam
362 811 460 874 quam
477 785 519 859 ad
535 784 780 873 praelucendum
796 804 899 853 noctu
916 791 1142 880 navigantibus

63 891 248 956 aSostrato
270 887 389 953 Cnidio
409 902 631 953 constructam
651 908 737 967 esse,
755 889 876 953 certior
895 888 976 954 fides
993 906 1060 976 ast,
1080 891 1143 956 im·

64 1015 166 1082 pensa
173 991 342 1056 Ptolemaei
353 990 461 1077 primi,
472 1005 529 1053 aut
537 986 675 1052 secundi
684 989 927 1069 certe,talentis
936 991 1142 1083 octingentis.

110 1094 226 1158 XLVI.
239 1094 318 1157 Erat
331 1092 365 1155 in
377 1091 439 1155 bac
452 1089 560 1157 insula
575 1087 667 1152 vicus
684 1088 798 1177 oppidi
812 1089 1054 1180 inagnitudijrffi
1068 1117 1144 1175 nec,

64 1197 177 1262 inritis
192 1195 250 1283 qui
264 1192 438 1274 tenebant,
453 1191 627 1279 quisquam
642 1212 682 1254 ex
696 1191 763 1254 alto
777 1207 906 1278 poterat
915 1183 1146 1259 'Alexandriam

66 1296 243 1385 appellere.
255 1294 329 1356 Hoc
341 1308 501 1381 occupato
511 1295 616 1356 llaesar
629 1291 719 1372 loco,
737 1291 888 1378 protinus
900 1292 942 1357 ad
956 1296 1147 1361 arcessenda

66 1421 108 1462 ex
127 1395 323 1487 propinquis
344 1395 422 1459 locis
445 1392 565 1458 auxilia
589 1392 694 1473 misit3
710 1409 744 1456 et
760 1392 838 1479 quia
859 1392 902 1459 de
921 1411 1055 1478 caetero,
1072 1421 1149 1487 pro·

67 1516 144 1588 pter
163 1497 329 1587 angustias
343 1496 488 1578 viarum,
505 1516 600 1581 aequo
622 1510 725 1558 marte
748 1493 927 1560 discessum
948 1499 1074 1580 fuerat,
1090 1523 1150 1589 per

70 1623 187 1666 omnes
204 1600 415 1686 insequentes
430 1597 517 1679 dies,
532 1619 631 1683 quam
649 1596 781 1661 tenebat
793 1595 908 1685 oppidi
924 1615 1065 1686 partem,
1077 1625 1151 1665 mu·

72 1700 257 1765 nitionibus
274 1699 430 1762 tutiorem
447 1696 575 1763 allicere
590 1697 743 1762 instituit.
759 1701 804 1762 At
817 1700 973 1782 Arsinoe,
986 1724 1059 1789 quoe
1073 1724 1151 1768 curn

74 1826 188 1875 sorore
202 1801 376 1889 Cleopatra
388 1801 421 1864 in
435 1800 562 1888 Syriam
577 1801 737 1888 profecta,
752 1822 847 1882 mox,
862 1823 941 1889 pace
952 1803 1050 1886 l'aeta,
1061 1805 1153 1870 Alex·

74 1904 224 1971 andriam
247 1919 443 1983 reverterat,
471 1902 558 1965 inter
580 1900 641 1964 bos
667 1899 828 1965 tumultus
855 1902 1038 1991 occupandi
1060 1906 1153 1995 regni

75 2028 190 2072 casum
207 2003 356 2068 oblatum
372 2019 509 2092 putans,
525 1999 723 2090 Ganymedis
740 1999 894 2088 spadonis
910 2002 1044 2092 ingenio
1060 2027 1154 2094 repe·

77 2109 120 2174 rit
135 2112 220 2198 fugae
239 2108 345 2188 viam,
362 2122 396 2169 et
414 2105 456 2168 ad
471 2104 630 2170 Achillam
649 2103 798 2184 trajecta,
814 2105 1034 2170 communiter
1048 2104 1154 2169 admi·
1205 2154 1210 2161 .

78 2209 216 2297 nistrare
232 2208 356 2273 bellum
373 2209 480 2296 coepit.
496 2205 561 2273 Sed
577 2224 616 2271 ut
635 2207 720 2271 inter
740 2206 908 2294 improbos
927 2225 960 2272 et
977 2208 1154 2273 malitiosos

79 2309 169 2375 haud
187 2309 346 2375 diuturna
364 2309 518 2399 potentiae
539 2309 676 2373 societas
693 2330 763 2371 esse
780 2324 906 2395 potest,
926 2309 991 2373 cito
1010 2308 1155 2375 insidiari

80 2413 237 2492 invicem,
257 2428 290 2477 et
306 2410 465 2502 augendis
481 2409 709 2509 largitionibus
726 2409 789 2473 sibi
806 2409 947 2497 quisque
962 2411 1076 2475 licitari
1091 2413 1155 2476 mi·

80 2514 175 2577 litum
189 2512 298 2578 studia
316 2536 453 2602 coeperc.

101 2662 107 2672 .
123 2613 255 2679 XLVII.
273 2612 399 2678 Eodem
417 2635 524 2694 anno,
541 2634 609 2699 quo
626 2627 812 2700 pugnatum
832 2610 875 2676 ad
890 2612 1104 2692 Pharsaliam,
1116 2633 1157 2680 -et

80 2713 328 2780 alexandrinum
347 2714 466 2781 deinde
487 2715 611 2781 bellum
633 2711 812 2791 conflatum
829 2729 893 2797 est,
908 2716 1064 2804 Hispania
1086 2739 1155 2780 ma·

82 2818 169 2881 ximo
186 2818 333 2881 tumultu
356 2816 538 2897 inhorruit,
555 2831 689 2905 propter
704 2816 868 2880 avaritiam
884 2832 917 2880 et
932 2815 1157 2881 crudelitatem

85 2918 125 3000 Q.
137 2917 256 2999 Cassii,
274 2940 373 3005 quem
390 2916 566 3006 provinciae
586 2919 694 2981 Cacsar
715 2916 912 3004 prefecerat.
934 2917 992 2981 llle
1013 2918 1156 3006 primum

82 3019 245 3108 appetitus
254 3017 382 3083 insidiis
391 3066 400 3101 ,
410 3035 443 3083 et
456 3034 591 3106 accepto
600 3019 755 3099 vulnere,
770 3041 875 3106 quum
887 3018 921 3082 in
932 3021 1082 3084 conscios
1090 3044 1160 3109 par

87 3121 144 3183 tim
160 3118 456 3202 animadvertisset,
471 3143 577 3184 unum
591 3135 690 3208 atque
709 3121 849 3185 alterum
866 3120 929 3208 (ita
944 3142 1021 3186 cum
1039 3123 1159 3187 saevitia

86 3220 230 3289 certabat
246 3221 281 3287 in
295 3221 414 3286 eodem
435 3223 546 3285 animo
564 3220 713 3310 pecunias
732 3220 843 3310 amor)
858 3223 1002 3287 nummis
1021 3224 1160 3312 acceptis

89 3321 283 3406 dimisisse13
298 3346 366 3389 non
381 3323 454 3391 ideo
466 3323 578 3388 tollere
591 3322 707 3387 odium
715 3344 911 3404 commune,
923 3346 992 3411 quo
1001 3339 1066 3387 tam
1074 3323 1165 3413 apud

89 3424 228 3508 milites,
260 3448 360 3512 quam
384 3425 598 3514 provinciales
622 3423 809 3515 laborabat,
832 3425 959 3513 potuit,
984 3425 1163 3512 prasertim

123 3688 139 3752 5
154 3690 236 3738 XLV.
250 3690 314 3738 rtis.
325 3690 360 3749 V,
377 3691 420 3749 31,
431 3702 456 3738 et
469 3693 506 3749 11,
519 3690 560 3738 85.
574 3715 609 3727 -
622 3691 723 3737 Homer.
736 3687 828 3753 Odyss.
842 3689 890 3747 lv,
908 3688 968 3744 354.
981 3711 1016 3728 ··-
1028 3689 1168 3739 Marcellin.

90 3801 124 3813 -
145 3776 237 3823 heau.
254 3776 296 3833 X,
311 3775 356 3836 57.
376 3803 412 3814 -
431 3777 519 3841 Pomp.
530 3773 591 3823 stet
605 3775 644 3830 11.
666 3789 689 3834 7.
705 3798 741 3810 -
754 3771 984 3837 Scallg.inllussh.
999 3773 1114 3835 n.1733.
1131 3801 1168 3814 ·-

88 3859 152 3917 Gan.
163 3885 198 3897 -
211 3861 323 3928 Appiam.
331 3888 367 3898 -
378 3859 496 3924 §XLVL
506 3858 707 3915 ntiaxxxvr,
718 3873 760 3905 aa.
771 3882 807 3897 --
816 3857 879 3907 Ces.
890 3882 924 3896 -
936 3856 1070 3906 strab-lib.
1081 3857 1168 3917 nn,

89 3956 116 4006 p.
127 3956 177 4004 5⁹¹
194 3954 220 3992 et
236 3942 295 4006 796.
308 3969 345 3980 -
359 3941 448 3992 herb.
463 3953 488 3991 et
502 3942 538 3990 ibt
551 3939 664 4004 Scaliger.
678 3966 715 3978 —
731 3940 820 3989 Suidu
832 3943 860 3992 in
871 3939 960 4010 Φόρος.
971 3970 1011 3984 -
1022 3945 1116 3993 ΒΜ.
1127 3971 1168 3984 -

90 4025 149 4074 Dio.
162 4025 227 4093 *b
239 4027 343 4074 xtvtt
356 4027 417 4076 Cau.
433 4053 469 4064 -
481 4027 535 4074 niv.
549 4025 616 4090 Epir.
628 4025 695 4073 cxl.
705 4052 739 4062 —
754 4025 819 4073 Hirr.
835 4024 867 4074 (le
878 4026 907 4073 B.
924 4023 996 4075 Alex.
1008 4040 1064 4090 etp.
1075 4025 1118 4073 ta.
1134 4050 1169 4062 -—·

86 4107 145 4156 unt.
162 4109 232 4157 Max.
249 4110 299 4169 tx,
311 4117 334 4164 4.

943 4227 982 4269 Ἅι.
