2686 4822
252 403 307 471 ιιι
342 403 451 469 soc.
480 401 572 467 ιιιι.
601 396 710 464 cru
744 395 955 464 ιιιιιιιιι.
1099 418 1137 489 17

60 521 157 608 legati
180 521 294 584 Romae
316 522 462 602 strarant,
487 519 678 608 priusquam
699 514 797 579 edere
817 514 968 579 mandata
990 532 1139 603 possent,

59 622 154 698 jussu
170 621 302 686 Achillae
318 621 574 710 percutiuntur:
593 617 677 681 alter
692 617 799 680 statim
819 616 946 687 occisus
970 633 1036 697 θεῖς
1058 619 1140 682 alte·
1175 612 1183 625 ¹

62 745 156 804 mm,
172 739 308 812 accepto
324 723 479 802 vulnere,
496 720 548 784 sui
563 741 624 808 pro
648 732 783 781 mortuo
799 717 1013 782 sustulerunt.
1033 719 1142 782 Achil·

63 821 126 902 las,
143 842 213 885 non
227 821 311 909 regia
327 819 398 884 haec
408 818 546 908 imperia
562 842 633 883 esse
648 818 820 901 dictitans,
839 820 897 907 qui
913 820 947 883 in
964 819 1067 884 aliena
1082 844 1142 910 po-

63 939 179 987 testate
202 921 273 1011 ipse
297 938 400 1005 esset,
428 936 606 1011 occupata,
633 935 845 1008 praeteream
872 936 1015 1010 partem,
1042 944 1140 1010 quam

62 1028 171 1090 Caesar
183 1024 333 1106 tenebat,
351 1022 564 1106 Alexandria,
581 1022 704 1111 regiam
719 1021 901 1110 irrumpere
914 1023 1022 1111 primo
1033 1026 1140 1089 statim

63 1127 191 1215 impetu
210 1141 348 1191 conatus
366 1140 425 1190 est.

107 1231 196 1296 XLI.
220 1231 402 1318 Nunquam
427 1230 461 1293 in
485 1228 609 1309 majore
630 1228 778 1316 periculo
794 1230 901 1292 Caesar
921 1229 993 1295 fuit.
1016 1229 1142 1294 Paucos

63 1331 207 1396 habebat
218 1330 337 1394 milites
351 1352 360 1396 ε
375 1332 462 1394 inter
474 1327 577 1393 infida
592 1328 777 1417 infestaque
792 1330 920 1411 omnia,
935 1330 1015 1395 locis
1025 1354 1141 1423 parum

64 1432 217 1521 munitis,
239 1455 257 1496 a
278 1432 418 1496 maxima
440 1430 654 1495 multitudine
673 1431 924 1520 oppugnabatur
938 1455 947 1498 ι
960 1455 1068 1522 neque
1090 1435 1142 1497 in-

63 1534 214 1616 condita,
236 1549 295 1597 aut
311 1532 402 1597 rudis
421 1532 584 1596 bellorum
604 1531 701 1596 turba
719 1549 798 1596 erat.
812 1533 914 1598 Millia
926 1534 1016 1599 haud
1032 1536 1142 1600 minus

64 1636 179 1725 viginti
200 1634 426 1723 sequebantur
446 1633 623 1715 Achillam,
639 1656 714 1722 pars
731 1656 848 1724 magna
863 1658 1019 1700 romanus
1033 1637 1142 1719 miles,

66 1737 123 1824 qui
138 1736 218 1801 olim
236 1735 399 1799 adductus
415 1759 433 1801 a
447 1734 605 1816 Gabinio,
620 1736 809 1824 mixtusque
825 1738 1018 1821 connubiis,
1035 1758 1143 1804 mores

65 1837 296 1903 alexandrinos
318 1837 551 1925 licentiamque
573 1836 758 1903 imbiberat.
777 1838 836 1902 His
860 1855 1062 1905 accesserant
1080 1840 1145 1930 syri

66 1941 243 2027 cilicesque
266 1937 457 2027 praedones,
484 1952 518 2003 ct
541 1937 705 2026 quidquid
732 1937 767 2001 in
793 1937 939 2003 finitimis
970 1943 1144 2029 provinciis

66 2040 201 2106 audacia
219 2040 450 2105 turbulentum
471 2038 588 2103 suerat.
607 2039 765 2103 Praeterea
784 2038 852 2103 duo
873 2042 972 2104 millia
994 2043 1143 2129 equiturn

67 2158 178 2222 erant,
199 2142 377 2230 inveterata
393 2141 539 2230 aegyptiis
558 2139 650 2205 bellis
666 2164 793 2206 manus.
814 2143 873 2207 His
889 2144 992 2233 copiis
1005 2145 1144 2209 Achillas

68 2244 228 2333 oppidum
245 2243 427 2333 ingressus,
443 2242 598 2321 majorem
615 2243 729 2331 populi
741 2258 873 2331 partem
888 2243 951 2307 sibi
965 2245 1071 2308 statim
1086 2245 1144 2309 ad·

67 2360 228 2425 junxerat.

111 2448 214 2512 XLII.
232 2446 317 2510 Nam
333 2461 452 2534 praeter
467 2443 671 2508 nobilitatem
690 2444 829 2532 ingenii,
843 2444 1005 2508 bellorum
1019 2445 1145 2509 incom-

70 2547 166 2612 moda
183 2549 342 2612 Caesarem
360 2546 519 2613 advehere
535 2547 596 2611 sibi
613 2545 885 2633 indignabantur,
900 2546 965 2625 jam
982 2559 1057 2610 ante
1071 2549 1143 2612 irati
1187 2608 1190 2612 .

70 2649 281 2730 numinibus,
304 2648 395 2737 quod
413 2648 552 2713 minimo
576 2664 646 2710 tum
672 2647 876 2711 incremento
896 2646 991 2712 Nilus
1013 2649 1141 2714 solitam

69 2752 251 2817 ubertatem
266 2753 400 2840 frugum
415 2773 456 2814 eo
469 2772 558 2814 anno
576 2749 846 2837 interpellaverat.
861 2752 983 2813 Contra
998 2750 1064 2813 vim
1079 2751 1142 2815 ho·

70 2876 143 2916 rum
165 2854 276 2917 Cacsar
296 2853 476 2942 regiam'et
497 2851 603 2915 vicina
630 2849 762 2914 aedificia
784 2851 1000 2915 tumultuario
1023 2876 1140 2941 opere,
1181 2862 1183 2866 ’

69 2955 154 3018 fossa
164 2954 317 3043 valloque
330 2952 371 3017 ad
387 2976 476 3018 mare
488 2976 594 3041 usque
608 2952 773 3033 deductis,
790 2955 993 3017 muniverat:
1011 2976 1051 3017 eo
1065 2955 1142 3019 faci·

70 3055 131 3120 lius
149 3054 283 3120 defendi
302 3056 428 3145 potuit,
445 3054 636 3120 cohortibus
652 3079 711 3143 per
727 3056 795 3118 vias
810 3053 985 3143 dispositis.
1002 3055 1066 3120 Sed
1083 3080 1139 3121 eo·

71 3156 145 3222 dem
165 3174 316 3245 tempore
334 3157 376 3221 ad
395 3173 528 3246 portum
545 3157 769 3246 pugnabatur,
789 3156 847 3219 ubi
868 3173 985 3243 praeter
1008 3157 1140 3221 solitum

70 3258 269 3324 Alcnndrite
283 3259 487 3348 praesidium,
501 3273 654 3322 rostratas
671 3257 752 3322 duas
764 3273 798 3323 et
810 3258 942 3346 viginti,
959 3258 1028 3322 aliae
1044 3264 1140 3325 nares

71 3348 174 3451 longae
189 3362 335 3452 aegyptiae
347 3361 584 3450 quinquaginta
599 3360 745 3442 stabant,
760 3360 924 3423 instructa·
938 3375 1140 3452 ornataque,

70 3463 117 3526 uti
128 3463 231 3528 modo
246 3480 322 3552 post
335 3464 482 3552 Pompeii
498 3465 627 3553 fugam,
645 3463 699 3526 cui
713 3478 806 3527 erant
817 3462 937 3526 auxilio
956 3464 1077 3545 missac,
1094 3488 1142 3529 re·

71 3562 214 3629 dietantt
229 3565 287 3629 has
303 3566 329 3628 si
343 3587 505 3653 occupare
518 3563 659 3629 Achillas
674 3581 803 3652 posset,
819 3563 964 3647 videbat,
983 3565 1140 3630 interclu-

71 3687 144 3728 sum
159 3666 313 3730 omnibus
331 3666 457 3731 auxiliis
473 3682 726 3754 commeatuque
739 3668 897 3730 Caesarem
911 3667 977 3732 cito
993 3667 1141 3732 futurum

10 3800 15 3812 ·
72 3787 103 3828 m
120 3783 291 3854 potestate.

114 3869 233 3933 XLlll.
253 3868 318 3946 sed
334 3892 408 3958 quae
428 3868 470 3933 ad
488 3867 748 3958 oppugnandum
765 3868 960 3960 AEgyptios,
972 3870 1083 3935 eadem
1100 3872 1141 3936 ad

104 4085 121 4152 S
136 4090 193 4138 11..
207 4091 299 4138 Lucan.
312 4091 351 4149 Χ,
364 4089 424 4146 434.
437 4114 473 4126 -
484 4090 545 4139 Cara.
555 4116 591 4126 -
604 4090 662 4139 Dio.
674 4087 737 4152 —sss
747 4090 813 4138 m.
827 4088 892 4138 Plut.
902 4116 937 4126 -
948 4091 1009 4140 Cat.
1021 4118 1057 4129 -
1069 4092 1141 4143 Oros.

70 4173 121 4231 vt,
133 4173 173 4223 15.
186 4200 222 4209 —
234 4175 326 4222 Lucan.
340 4201 374 4209 -
387 4175 446 4242 Dio.
459 4199 493 4210 --
504 4172 521 4238 S
533 4175 613 4222 xun.
627 4173 732 4233 utut,
746 4190 771 4238 9.
782 4202 818 4213 ·-·
829 4175 887 4225 Dio.
897 4199 933 4213 -·
945 4175 1010 4227 Cet.

170 4271 232 4339 XI.
953 4296 973 4339 a
