2686 4822
270 363 328 431 IN
360 363 477 433 LOC.
503 364 599 434 LlB.
627 363 744 430 cx11
778 363 1007 431 LlVlANl.
1155 363 1175 434 5

101 500 201 571 atque
216 483 433 548 offerentibus
447 488 575 568 omnia,
592 507 661 549 non
676 484 801 572 paruit3
820 483 878 547 sed
892 501 1020 572 recepta
1029 487 1178 550 Cornelia

102 585 270 674 rebusque
293 584 379 666 ejus,
404 585 547 652 biduum
565 583 795 652 tantummodo
813 601 957 650 moratus
979 611 1036 673 per
1055 604 1178 676 tempe-

43 738 49 745 .
104 704 240 768 atatem,
260 702 405 774 quatuor
423 686 543 753 additis
568 687 733 767 actuariis,
754 709 859 774 quaea
880 687 1017 751 Rhodiis
1037 705 1070 751 et
1090 691 1178 776 Tyro

103 805 279 871 uenerant,
294 791 329 853 in
342 788 486 854 Ciliciam
502 807 633 855 avectus
647 805 706 854 est.

148 894 207 957 lx.
225 891 277 956 Eo
296 893 332 955 in
347 913 448 956 cursu
466 907 498 955 et
515 893 630 956 Sextus
648 889 734 954 filius
755 912 831 954 eum
847 907 1043 977 assequutus
1060 906 1128 970 est,
1148 907 1181 954 et

104 1015 244 1082 magnus
263 1014 419 1057 nomenis
436 1009 645 1074 senatorum3
669 1007 702 1055 et
722 1015 819 1056 naves
836 991 985 1079 quaedam
1002 1014 1078 1055 cum
1094 992 1179 1055 mili·

105 1093 192 1158 tibus
210 1116 250 1157 ex
270 1093 380 1157 Cilicia
400 1109 627 1158 occurrerunt.
644 1093 801 1180 Exposito
818 1093 919 1181 igitur
935 1093 1108 1173 Dejotaro,
1123 1094 1180 1181 qui

105 1195 261 1260 ultimum
278 1195 448 1261 Orientem
464 1196 499 1259 in
514 1195 672 1260 auxilium
687 1194 835 1281 Pompeii
849 1211 1089 1275 commoveret,
1113 1195 1182 1282 ipse

106 1309 223 1384 praeter
236 1297 405 1385 Ephesum
422 1314 456 1361 et
471 1296 715 1385 Colophonem,
734 1295 1026 1383 interjacentesque
1043 1296 1181 1374 insulas,

106 1398 264 1463 Rhodum
284 1399 390 1488 petiit.
407 1397 546 1479 Rhodii,
564 1415 738 1487 postquam
761 1399 844 1462 alius
865 1421 934 1462 esse
956 1398 1023 1478 jam
1043 1415 1183 1487 coeperat

108 1501 305 1589 Pompeius,
331 1499 487 1566 adversus
516 1500 610 1564 illum
637 1498 737 1565 iidem
767 1522 836 1563 esse
864 1500 1026 1564 desierant
1047 1524 1054 1564 :
1084 1501 1184 1589 igitur

107 1599 231 1688 oppido
255 1617 422 1689 portuque
442 1600 665 1689 prohibitum,
688 1599 794 1664 missis
816 1600 953 1664 adeum
975 1617 1007 1664 et
1026 1602 1182 1667 Lentulos

108 1702 251 1785 nuntih,
275 1725 315 1767 ex
334 1703 373 1767 iis
395 1702 476 1767 locis
498 1701 665 1769 discedere
678 1703 857 1783 jusserunt.
875 1703 1018 1768 Primam
1031 1704 1183 1785 urbium,

109 1826 273 1892 nusquam
288 1805 380 1893 prius
395 1803 468 1868 ausi
483 1804 677 1885 oonsistere,
697 1803 847 1868 Attalium
863 1804 1009 1869 inierunt
1029 1804 1063 1867 in
1086 1803 1183 1868 Pam·

108 1905 236 1993 phylia3
250 1928 355 1994 quum
366 1906 434 1987 jam
448 1906 612 1974 recollecti
627 1929 667 1970 ex
679 1906 756 1994 fuga
770 1921 935 1972 senatores
951 1906 1079 1971 circiter
1095 1928 1184 1970 sexa·

111 2007 200 2096 ginta
219 2023 339 2074 essent.

155 2108 197 2171 X.
216 2107 364 2192 Deinde,
382 2110 655 2198 quiahPompeius
674 2108 867 2174 commodos
882 2111 1049 2198 aquationi
1070 2110 1185 2175 rebus·

110 2231 174 2296 que
183 2211 371 2275 necessariis
381 2227 515 2299 portus,
530 2213 694 2300 simulque
703 2213 896 2281 remotiores
905 2213 1185 2299 abstrruioresque

108 2311 317 2398 sequebatur,
334 2313 456 2401 Syedra
472 2314 649 2397 concessit,
663 2312 830 2378 desertum
844 2315 974 2378 Isauriae
991 2314 1184 2401 scopulum,

109 2411 200 2499 quod
224 2414 337 2479 navale
360 2416 620 2481 Selinuntiorum
639 2431 717 2481 erat.
737 2416 791 2480 lbi
813 2414 948 2481 demum
967 2417 1108 2480 celatum
1128 2416 1185 2479 ha·

109 2529 223 2578 etenus
240 2517 414 2582 consilium
430 2516 556 2582 nudare
575 2517 689 2604 coepit,
703 2541 738 2582 se
758 2515 903 2583 diffisum
920 2517 1096 2604 provinciis
1112 2539 1186 2581 om·

112 2616 226 2699 nibus,
254 2635 404 2683 externas
433 2642 512 2707 opes
544 2641 699 2706 quaerere.
729 2620 844 2701 Quum
873 2620 909 2682 in
938 2618 1184 2683 aestimationem

111 2719 220 2782 omnia
235 2720 359 2785 circum
376 2743 477 2810 regna
489 2721 669 2801 venissent,
685 2719 727 2784 ad
744 2721 902 2785 Parthum
917 2721 1093 2785 inclinabat
1111 2744 1186 2784 sen·

109 2821 228 2886 tentia:
252 2821 310 2887 sed
327 2823 399 2905 hic,
413 2823 554 2887 amicitia
569 2823 720 2910 Pompeii
741 2824 860 2902 rejecta
880 2845 1003 2910 nuper,
1023 2823 1119 2886 etiam
1137 2821 1185 2884 le-

110 2935 200 3008 gatos
215 2922 257 2985 ab
274 2945 314 2987 eo
331 2925 448 2988 missos
464 2923 623 2987 habuerat
639 2925 673 2987 in
692 2924 848 3004 vinculis.;
865 2940 1019 3012 praeterea
1032 2922 1074 2986 ad
1089 2924 1186 2987 inter·

108 3022 246 3089 lectores
269 3024 460 3090 Crassorum
482 3026 670 3098 Corneliam
689 3025 826 3107 adduci,
847 3049 919 3114 quae
941 3042 1044 3114 nupta
1066 3027 1190 3104 Publio

110 3125 231 3208 fuerat,
254 3142 288 3193 et
303 3125 346 3190 ad
361 3127 612 3216 proiectissimos
630 3128 664 3192 in
683 3127 870 3205 libidinem,
886 3128 1042 3207 juvenem
1058 3126 1184 3191 formo·

110 3247 200 3308 sam,
218 3228 361 3292 alienum
378 3227 561 3295 videbatur,

153 3328 212 3392 xl.
224 3328 342 3393 Jubam
357 3328 550 3395 fidissimum
562 3330 709 3418 partibus
720 3353 830 3419 regem
843 3331 931 3419 peti,
953 3329 1081 3394 vetabat
1093 3332 1183 3394 inso-

109 3425 208 3491 lentia
223 3431 371 3512 Barbari,
386 3447 417 3495 et
430 3432 464 3494 in
476 3432 563 3495 Varo
576 3432 691 3520 populi
707 3432 836 3495 romani
850 3431 1000 3519 despecta
1018 3432 1183 3514 majestas,

109 3542 143 3590 et
154 3528 267 3593 levitas
283 3531 380 3595 insita
393 3532 494 3622 genti.
518 3535 556 3596 ln
575 3533 715 3622 mgyptio
732 3555 807 3622 rege
824 3540 899 3598 aetas
917 3534 1056 3598 maxime
1068 3534 1183 3623 displi-

110 3629 220 3713 cebat,
235 3648 268 3696 et
281 3633 372 3720 quod
385 3634 541 3699 tredecim
553 3658 717 3700 annorum
728 3658 811 3722 puer
823 3658 841 3698 a
861 3637 1010 3701 nutriciis
1027 3652 1059 3700 et
1075 3635 1182 3724 paeda·

110 3732 201 3821 gogis
218 3734 402 3823 regebatur.
416 3740 459 3803 At
472 3737 710 3826 Theophanes,
729 3762 797 3826 quo
811 3739 991 3826 plurimum
1005 3741 1183 3829 Pompeius

145 3951 244 4017 §VIIL
255 3956 319 4005 Vell.
331 3960 370 4015 ll,
383 3959 424 4006 53.
438 3986 473 4030 j-
486 3959 550 4009 Plut.
561 3986 595 3996 -
605 3958 667 4008 Cata.
677 3986 711 3996 ·-
723 3958 740 4025 S
752 3961 929 4019 1x‚Dio‚lib.
943 3963 1022 4011 ml.
1041 3989 1075 4001 ·-
1089 3964 1180 4010 Lucan.

110 4066 145 4077 -·
158 4041 225 4092 Plut.
238 4069 270 4080 -
282 4045 335 4093 Cio.
344 4044 375 4092 ad
389 4045 474 4094 famil.
483 4055 508 4093 et
519 4045 551 4093 ad
562 4045 639 4094 attic.
651 4046 716 4104 xn,
736 4055 776 4102 1a.
796 4073 831 4084 ·-
844 4044 861 4111 5
880 4050 912 4096 X.
936 4048 1001 4096 Flor.
1019 4075 1053 4084 -
1071 4045 1135 4095 velt
1145 4072 1184 4084 -—

110 4124 167 4179 Dio.
177 4152 211 4164 -
220 4126 371 4197 Appiam-
380 4130 473 4179 Justin.
487 4131 561 4186 xta,
572 4130 596 4178 3.
609 4156 644 4166 -
654 4129 718 4179 rtut.
729 4155 762 4167 -
772 4133 865 4185 Luem,
