2686 4822
294 369 346 438 IN
381 370 493 438 LOC.
519 371 613 437 LlB.
641 371 753 439 CXII
783 371 1001 440 LIVIANI.
1161 369 1182 441 3

103 490 264 581 oppidum
283 512 441 555 excursu
460 489 725 578 respicientibus,
743 512 899 578 magnum
919 490 1109 556 incendium
1129 516 1182 557 re·

103 592 203 674 luxit,
226 589 440 681 flagrantibus
463 591 636 673 onerariis,
658 591 801 656 militurn
825 590 975 666 audacia,
1000 593 1182 659 nolentium

104 690 337 756 conscendere.

148 788 204 857 lv.
229 793 317 855 Turn
339 808 372 855 et
397 790 513 855 rbodia
538 792 646 856 classis
669 793 811 857 deseruit
833 795 955 875 socios,
978 794 1182 885 domumque

104 895 264 960 discessit.
281 895 359 958 Haec
374 894 486 957 omnia
502 892 612 981 paucis
637 909 713 958 ante
735 893 850 959 diebus
873 895 997 959 rhodiae
1019 897 1183 984 quinque·

104 997 201 1062 remis
218 996 394 1085 remigem,
408 995 498 1058 velut
513 995 649 1058 numine
663 993 828 1078 afflatum,
846 995 1047 1083 praedixisse,
1065 997 1102 1060 C.
1116 999 1182 1062 Co·

104 1098 245 1186 ponius,
270 1097 329 1185 qui
346 1096 376 1160 ei
394 1096 486 1160 classi
502 1111 654 1184 praeerat,
675 1096 777 1160 homo
802 1119 878 1160 cum
902 1099 1014 1186 primis
1036 1098 1182 1186 prudens

104 1214 202 1286 atque
217 1197 352 1279 doctus,
365 1197 471 1261 tribus
482 1196 574 1260 facile
588 1197 784 1261 doctissimis
798 1200 1040 1281 Romanorum,
1052 1202 1184 1266 Μ.Τυὶ-

22 1331 25 1337 *
104 1300 165 1381 lio,
180 1300 228 1364 M.
245 1300 380 1380 Catoni,
397 1299 444 1363 M.
455 1299 611 1363 Terentio
624 1299 764 1362 Varroni
778 1318 981 1386 exposuerat.
998 1304 1069 1366 Hoc
1084 1302 1128 1366 ita
1139 1302 1184 1366 ab

104 1403 177 1488 ipso
201 1401 361 1464 Cicerone
387 1415 572 1480 narratum,
595 1421 663 1462 non
682 1415 852 1488 poetarum
873 1403 990 1485 modo,
1008 1403 1065 1467 sed
1084 1405 1181 1469 etiam

106 1502 297 1567 Graecorum
316 1502 458 1582 fabulas,
474 1501 531 1589 qui
549 1501 701 1565 revixisse
714 1502 882 1565 hominem
898 1519 931 1567 et
944 1529 962 1567 a
976 1522 1082 1568 morte
1098 1507 1181 1572 vati·

105 1604 249 1668 cinatum
265 1602 448 1684 finxerunt,
463 1602 629 1667 evidenter
645 1605 802 1693 coarguit.
815 1606 980 1693 Corcyrae,
997 1630 1099 1694 quum
1116 1609 1179 1672 ite-

105 1729 180 1770 rum
195 1706 237 1771 de
251 1705 464 1794 praesentibus
482 1719 565 1769 esset
581 1703 814 1787 deliberatum,
829 1708 909 1770 Cato
924 1730 1094 1794 nunquam
1111 1731 1180 1772 non

105 1805 283 1874 observans
302 1806 432 1896 legum,
448 1805 598 1870 Ciceroni
624 1827 658 1868 se
684 1806 799 1870 cedere
821 1808 987 1895 professus
1008 1825 1073 1890 est,
1089 1807 1181 1896 quod
1282 1870 1285 1877 ,

105 1911 159 1974 ille
176 1910 341 1975 consulari
360 1907 518 1998 dignitate
534 1907 687 1972 anteibat.

151 2012 190 2078 V.
206 2015 252 2077 At
266 2013 400 2092 Cicero,
421 2009 478 2097 qui
499 2003 627 2096 semper
646 2010 733 2095 pacis
754 2024 868 2073 auctor
888 2010 1012 2093 fuerat,
1033 2028 1065 2074 et
1081 2033 1180 2075 omne

104 2114 232 2203 fugerat
247 2112 323 2176 belli
339 2133 477 2192 munus,
493 2125 620 2173 tantum
638 2110 680 2173 ab
696 2109 884 2199 accipiendo
900 2111 1039 2200 imperio
1057 2113 1179 2195 abfuit,

105 2232 144 2279 ut
168 2215 279 2302 potius
293 2235 456 2277 armorum
475 2234 541 2274 nort
561 2211 832 2300 deponendorum,
854 2210 911 2275 sed
929 2213 1180 2302 objiciendorum

104 2339 220 2381 suasor
240 2332 333 2381 esset.
355 2315 407 2380 lbi
429 2313 533 2403 gravis
555 2335 632 2376 euru
655 2315 781 2400 excepit
803 2313 1079 2401 Pompeianorum
1097 2315 1181 2378 iudi·

105 2418 233 2507 gnatio,
253 2417 433 2503 fuissetque
453 2438 471 2478 a
495 2417 592 2478 Cnaeo
614 2415 822 2494 interfectus,
842 2415 878 2477 ni
902 2416 983 2478 Cato
1006 2415 1177 2481 seductum

104 2520 268 2609 paulisper
279 2518 520 2583 adolescentem
533 2516 711 2579 lenivisset:
722 2516 764 2577 ita
778 2515 906 2604 navigio
914 2532 1065 2603 accepto,
1078 2520 1182 2581 Brun·

105 2622 226 2686 disium
239 2638 371 2701 vectus,
392 2643 431 2683 eo
448 2619 481 2682 in
503 2615 626 2705 oppido
644 2617 775 2679 Caesaris
793 2631 940 2704 tempora
963 2619 1178 2705 exspectabat.

105 2727 234 2789 interea
250 2723 314 2788 loci
330 2739 363 2786 et
381 2724 423 2787 D.
436 2721 568 2800 Laelius,
583 2720 639 2807 qui
654 2719 815 2798 objectam
831 2717 1005 2784 Brundisio
1021 2720 1179 2805 insulam,
1233 2706 1240 2717 ’

105 2849 203 2913 quarn
221 2840 315 2889 antea
331 2824 413 2888 Libo
428 2837 593 2900 tenuerat,
608 2820 745 2884 consilio
762 2820 849 2907 pari,
866 2820 1044 2908 pervicacia
1058 2821 1179 2902 majore

105 2926 283 3008 insidebat,
295 2943 328 2989 et
346 2928 380 2990 C.
392 2924 533 3004 Cassius,
544 2922 653 2985 multis
665 2922 799 2986 Iulianis
814 2923 849 2984 in
866 2921 971 2984 Sicilia
988 2945 1178 2988 concrema·

106 3029 146 3092 tis
165 3028 320 3107 navibus,
343 3042 517 3122 postquam
538 3039 729 3112 acceperant
752 3021 794 3086 de
822 3024 949 3110 praelio,
978 3047 1053 3087 curn
1078 3027 1178 3092 classe

105 3130 331 3195 discesserunt.

127 3296 128 3299 ,
149 3233 206 3296 Vl.
217 3233 333 3319 Neque
351 3230 439 3320 piget
462 3228 646 3317 principum
665 3226 828 3306 virorum,
850 3226 946 3289 etiam
970 3227 1176 3316 singulorum

105 3333 240 3397 consilia
255 3334 376 3397 referre
390 3345 422 3393 et
436 3331 510 3393 fata.
527 3330 603 3392 Duo
622 3329 723 3391 ferme
739 3350 857 3417 genera
873 3345 965 3391 erant
981 3331 1175 3397 universim:

106 3435 162 3519 qui
181 3434 312 3498 Caesaris
328 3430 499 3496 clementia
516 3428 616 3493 fidere
631 3445 798 3517 poterant,
814 3428 920 3492 ubivis
935 3431 1084 3495 locorum
1099 3434 1178 3498 sub·

105 3535 276 3617 sistebant,
286 3535 393 3598 donec
406 3554 465 3620 per
479 3529 721 3619 deprecatores,
731 3528 812 3617 quid
826 3529 894 3592 fieri
906 3530 960 3593 ille
971 3532 1077 3614 vellet,
1088 3557 1179 3598 com-

105 3638 305 3723 perirentur;
316 3635 439 3716 caeteri,
453 3633 572 3721 quibus
582 3631 682 3694 nimia
694 3631 768 3694 odia
781 3630 943 3718 quidlibet
954 3634 1068 3716 tutius,
1079 3660 1178 3723 quarn

140 3849 156 3913 s
177 3852 223 3898 111.
243 3849 308 3898 Plut.
320 3850 346 3896 in
359 3851 414 3899 Cat.
431 3865 486 3913 cap.
504 3849 545 3896 81.
560 3875 596 3884 —
607 3849 698 3895 Lucan.
714 3849 768 3905 tx,
787 3848 829 3894 30.
846 3875 882 3883 —
901 3848 968 3906 nio,
987 3848 1030 3897 tib.
1046 3852 1125 3902 an.
1144 3880 1180 3889 -

107 3935 214 3998 Appian.
226 3935 255 3981 B.
267 3934 322 3983 Civ.
336 3933 379 3980 lib.
394 3936 428 3981 11.
448 3959 482 3969 -
504 3932 558 3981 cic.
576 3931 606 3978 de
618 3931 702 3979 Divin.
715 3933 742 3989 1,
760 3933 802 3978 32.
825 3959 860 3966 -
879 3930 896 3995 S
916 3933 960 3978 IV.
978 3932 1030 3980 Cic.
1047 3932 1079 3980 de
1092 3935 1176 3984 Divin.

107 4020 140 4069 tt.
153 4018 195 4066 55.
205 4045 240 4054 ·-
253 4018 318 4065 Plut.
332 4018 358 4064 iu
372 4017 424 4065 Cic.
437 4027 461 4063 et
476 4018 530 4066 Cat.
543 4042 577 4050 -
590 4013 606 4079 S
624 4014 656 4061 V.
671 4015 724 4062 Cic.
739 4030 785 4078 pro
800 4015 883 4074 Dejot.
895 4031 949 4078 cap.
962 4030 1004 4072 to,
1018 4025 1042 4061 et
1055 4016 1087 4062 ad
1100 4019 1177 4067 Attio.

106 4103 154 4159 xi,
170 4110 194 4156 t.
210 4129 245 4136 -
259 4101 322 4148 Plut.
335 4101 361 4147 in
371 4100 424 4150 cte.
438 4112 462 4148 et
477 4100 530 4147 Cat.
543 4127 577 4135 -
590 4099 651 4147 Cres.
662 4100 693 4146 B.
704 4097 758 4146 Cir.
771 4098 814 4146 lib.
825 4100 871 4144 111.

964 4215 976 4257 I
992 4242 999 4257 .
