2686 4822
227 393 271 464 50
393 397 461 462 JO.
488 395 831 464 FREINSHEMII
861 394 1109 462 SUPPLEM.

223 516 319 579 randi
342 515 488 595 animos,
511 537 614 602 quum
639 530 788 603 suspecta
811 513 890 579 fides
913 514 1009 577 etiam
1029 513 1240 595 intimorum,
1262 531 1296 579 et

223 616 357 704 proditis
372 633 497 681 certum
514 615 699 702 periculum
711 633 797 680 esset
808 639 816 679 :
829 615 908 702 quin
923 614 1010 677 ultro
1025 613 1228 703 cogebantur
1237 615 1297 679 ab·

222 719 300 783 dere
314 740 428 781 sensus
443 740 538 800 suos,
550 734 599 799 et,
612 740 715 804 quum
728 717 779 781 alii
796 731 923 796 essent,
936 715 1015 779 alios
1030 713 1212 779 ostendere.
1223 715 1296 779 Nec

220 820 310 882 enim
328 819 404 881 ferri
420 834 567 900 tantum,
587 840 659 906 quae
675 817 808 898 fierent,
825 832 974 880 auctores
991 837 1105 878 eorum
1122 814 1294 896 volebant,

223 919 279 984 sed
302 919 424 983 laudari
450 942 602 1007 quoque,
625 942 663 982 ac
686 917 826 983 subinde
846 916 1119 1005 supplicationes,
1137 915 1226 978 velut
1248 915 1295 979 ob

223 1043 291 1083 rem
309 1020 393 1082 bene
411 1037 549 1107 gestam,
573 1018 800 1100 edicebantur,
821 1033 854 1083 et
873 1015 1098 1103 frequentibus
1114 1015 1199 1079 ludis
1217 1039 1294 1104 spe·

222 1136 383 1182 ctatorum
401 1119 626 1206 postulabatur
643 1120 804 1202 hilaritas;
820 1140 923 1207 quum
943 1118 996 1180 ille
1011 1117 1080 1204 ipse
1096 1133 1293 1204 conspectus

221 1237 305 1283 esset
318 1221 453 1284 acerbus
468 1236 501 1284 et
512 1221 768 1308 ignominiosus,
786 1218 893 1307 quod,
909 1219 1019 1307 paucis
1033 1219 1191 1306 exceptis,
1207 1241 1293 1306 quos

222 1321 345 1384 tribuni
360 1320 536 1400 faciebant,
550 1320 636 1384 ludis
651 1322 803 1411 magister
814 1321 962 1408 equitum
980 1319 1293 1407 praesidebataccin·

221 1438 311 1501 ctus,
329 1438 362 1484 et
379 1444 420 1484 ne
437 1421 574 1508 publicae
590 1421 722 1508 quidem
738 1421 853 1487 laetitiae
866 1421 1056 1486 condonans
1070 1421 1294 1509 exprobratio-

222 1544 297 1584 nem
316 1523 490 1587 servitutis.
512 1523 564 1587 Sic
583 1522 699 1586 affecta
716 1523 861 1604 civitate,
879 1523 915 1588 P.
932 1523 1104 1588 Cornelius
1124 1522 1294 1589 Dolabella

189 1698 191 1707 Ι
221 1639 352 1686 exortus
368 1640 417 1686 est
433 1645 592 1686 novarum
609 1624 792 1687 tabularum
811 1640 943 1705 auctor,
962 1623 1147 1688 adolescens
1165 1623 1291 1706 audax,

222 1723 356 1803 nobilis,
376 1725 551 1806 obaeratus,
575 1724 725 1811 qualibus
743 1725 866 1789 scilicet
886 1725 927 1789 ad
947 1723 1159 1789 evertendum
1178 1726 1294 1790 omnia

221 1823 303 1886 nibil
316 1841 366 1887 est
379 1825 531 1912 paratius.

262 1926 420 1990 XXXlll.
439 1926 559 1989 Eratis
583 1948 707 2013 nuper,
731 1927 935 2014 exemploP.
956 1925 1080 2008 Clodii,
1107 1928 1291 2015 epatriciis

219 2042 437 2115 transgressus
457 2027 499 2090 ad
522 2026 669 2115 plebem,
694 2028 863 2090 occasione
885 2028 968 2091 forte
996 2028 1196 2112 testamenti,
1221 2052 1292 2116 quo

218 2127 306 2191 Livia
324 2127 478 2192 heredem
491 2129 679 2193 institutum
696 2146 823 2194 mutare
841 2151 962 2193 nomen
977 2128 1134 2209 jusserat3
1152 2129 1210 2194 sed
1230 2133 1291 2196 tri·

217 2231 360 2293 bunatus
377 2229 508 2316 petendi
527 2231 700 2294 consilium
717 2233 836 2311 fuerat,
855 2231 888 2292 in
906 2253 973 2317 quo
990 2230 1075 2320 leges
1094 2254 1128 2294 se
1143 2230 1289 2297 laturum

216 2329 420 2413 confidebat,
438 2332 558 2419 quibus
579 2348 612 2397 et
632 2332 701 2419 ipse
721 2333 862 2396 maximo
882 2355 944 2395 aere
963 2333 1068 2396 alieno
1085 2333 1290 2401 liberaretur.

218 2430 344 2495 ldcirco
357 2433 459 2496 factus
473 2433 753 2521 tribunusplebis,
766 2455 833 2496 non
846 2433 903 2496 diu
914 2433 1039 2498 distulit
1051 2433 1092 2497 de
1104 2435 1223 2499 tabulis
1233 2459 1292 2500 no-

215 2533 263 2595 vis
279 2535 486 2623 promulgare
500 2535 724 2624 rogationem,
742 2536 830 2623 plebi
846 2537 1071 2624 gratissimam.
1085 2535 1150 2600 Sed
1163 2536 1199 2600 L.
1212 2539 1292 2601 'Ibe-

218 2633 332 2697 bellius
349 2635 472 2723 collega
494 2636 685 2717 Dolabellae,
707 2637 743 2699 C.
762 2637 863 2700 Asinii
886 2637 1028 2724 potentia
1049 2635 1196 2715 adjutus,
1217 2660 1290 2701 cre-

216 2733 361 2797 ditorum
380 2752 530 2823 suscepta
551 2758 664 2817 causa,
682 2737 912 2824 optimatibus,
935 2754 967 2800 et
984 2736 1189 2825 locupletiori
1205 2740 1290 2826 parti

215 2835 351 2900 civitatis
364 2851 432 2900 erat
441 2836 710 2916 jucundissimus.
724 2836 774 2900 Ab
789 2838 908 2902 horum
925 2840 1165 2904 concertatione
1179 2841 1290 2930 magni

217 2938 377 3001 tumultus
397 2938 526 3001 initium
541 2937 575 2999 in
589 2937 679 3000 Urbe
697 2938 776 3018 fuit,
795 2962 898 3026 quum
920 2957 1056 3028 utraque
1073 2940 1171 3004 factio
1186 2943 1290 3030 captis

215 3040 312 3101 armis
326 3040 391 3102 vim
409 3039 529 3103 faceret
537 3040 749 3128 ,crebraeque
769 3041 846 3105 ltinc
863 3042 940 3106 inde
956 3043 1057 3107 caedes
1072 3060 1289 3161 patrarentur.

259 3140 591 3228 xxxtv.1gtturet
611 3161 742 3207 senatus
765 3144 963 3223 intercessit,
987 3167 1054 3208 rem
1074 3145 1234 3261 integram
1252 3148 1289 3245 in

213 3242 389 3306 adventum
414 3244 546 3307 Caesaris
568 3268 686 3309 servan
678 3245 846 3325 jubens3
871 3262 903 3310 et
923 3246 1086 3309 Antonius
1107 3247 1290 3334 gestatione

212 3366 378 3412 armorum
395 3345 428 3406 in
449 3345 537 3407 Urbe
558 3345 725 3409 interdixit
743 3346 884 3435 paganis.
902 3344 965 3409 Sed
981 3346 1034 3409 ille
1052 3363 1158 3408 tamen
1176 3347 1211 3409 in
1229 3371 1289 3412 oc-

212 3447 301 3508 culto
311 3445 486 3509 Dolabella
499 3447 641 3529 favebat,
656 3448 821 3537 popularis
836 3448 953 3509 l‘avoris
970 3469 1098 3534 semper
1111 3463 1289 3535 appetens,

213 3547 292 3610 etin
309 3545 421 3610 eadem
440 3571 535 3612 causa
552 3550 769 3629 constitutus,
783 3571 847 3634 qua
863 3548 988 3628 caeteri,
1003 3548 1059 3634 qui
1074 3570 1173 3611 novas
1190 3549 1290 3613 tabu·

210 3649 256 3711 las
273 3648 457 3735 cupiebant.
475 3651 650 3738 Postquam
668 3667 776 3713 autem
799 3671 953 3727 uxorem,
970 3648 1076 3735 patrui
1097 3649 1147 3710 sni
1167 3649 1204 3712 C.
1219 3651 1289 3731 ᾼιι-

211 3750 290 3813 tonii
318 3749 433 3832 filiam,
456 3775 530 3815 cunt
551 3752 717 3815 Dolabella
741 3751 846 3837 stupri
871 3748 1142 3814 consuetudinem
1163 3749 1290 3814 babere

211 3853 386 3938 comperit,
406 3869 461 3915 aut
478 3854 674 3940 cornporisse
693 3868 782 3916 ratus
802 3867 870 3929 est3
893 3867 926 3915 et
944 3851 1029 3914 illam
1046 3852 1152 3940 exegit
1166 3850 1287 3933 (lanto,

243 4058 259 4122 5
275 4061 397 4108 llllell.
412 4057 469 4109 Cic.
483 4060 513 4108 ad
528 4062 601 4109 aute
611 4063 674 4117 Vll,
686 4064 716 4120 8,
732 4074 754 4110 et
767 4062 828 4109 Pbll.
838 4064 886 4117 Vl,
900 4069 923 4115 l.
934 4088 968 4098 -—
983 4062 1035 4111 liv.
1050 4063 1114 4127 Epir.
1135 4091 1166 4101 —-
1181 4064 1239 4114 Dio.
1252 4093 1289 4102 —

212 4143 274 4190 rtur.
289 4143 315 4188 in
328 4145 387 4191 Ant.
398 4160 451 4208 rap.
468 4159 506 4191 ra.
