2686 4822
257 365 313 434 IN
339 364 567 432 LOC.LIB.
589 365 699 432 CXII
724 363 940 432 LIVIANI.
1056 308 1060 312 ·
1096 363 1138 433 ¹3

61 486 155 568 cujus
176 485 325 574 pecuniae
341 499 467 572 partem
487 506 638 572 magnam
657 483 767 547 liberis
783 485 880 573 regiis
900 483 1142 553 condonaverat

60 590 160 669 olim,
185 587 351 676 reliquum
375 584 642 674 quadringenties
659 608 763 672 quum
784 584 924 649 maxime
941 571 1140 674 reposcebat.

62 691 133 755 Nec
149 711 191 754 eo
206 702 402 768 contentus,
417 686 550 755 arbitria
568 708 701 774 quoque
716 702 857 774 coeperat
874 710 969 776 agere
985 687 1144 754 dissiden-

63 792 146 856 tium
170 813 304 880 regum,
329 788 422 878 quod
446 812 563 853 eorum
585 789 822 853 controversias
841 787 882 852 ad
901 791 1063 877 populum
1086 814 1142 855 ro·

64 915 218 975 manum,
235 907 269 955 et
285 914 320 955 ae
340 891 457 980 populi
473 890 602 955 romani
619 891 805 971 consulem,
821 891 985 978 pertinere
999 892 1142 979 dicebat,

66 1015 106 1058 ex
119 1008 317 1058 testamento
333 992 433 1079 patris
451 992 628 1056 Ptolemaei.

108 1094 218 1159 XXX.
238 1095 288 1159 Eo
310 1109 504 1158 testamento
524 1093 628 1173 major
645 1091 750 1175 lilius,
770 1094 940 1180 majorque
956 1091 1021 1157 lilia
1040 1095 1144 1160 hoere·

66 1197 123 1262 des
138 1197 253 1284 scripti
269 1212 382 1275 erant3
407 1194 635 1283 populumque
654 1216 828 1258 romanum
850 1218 908 1282 per
928 1197 1039 1260 omnia
1057 1220 1146 1263 sacra

67 1297 239 1386 loedusque
254 1298 290 1361 in
308 1296 471 1386 Capitolio
487 1296 649 1359 sancitum
668 1318 726 1359 rex
741 1296 984 1374 obtestabatur,
1004 1313 1043 1361 ut
1055 1299 1146 1379 judi·

67 1399 156 1464 cium
173 1420 272 1462 suum
290 1398 415 1462 salvum
433 1414 526 1461 esset.
544 1398 621 1460 Haec
638 1420 716 1460 vero
736 1397 857 1461 mirum
880 1400 914 1462 in
934 1400 1070 1464 modum
1089 1425 1147 1465 an·

69 1501 189 1590 gebant
206 1501 315 1590 regios
333 1500 505 1581 satellites,
520 1499 703 1563 Pothinum
719 1500 874 1581 maxime,
893 1502 950 1589 qui
971 1502 1148 1593 Cleopatra

69 1625 172 1692 regno
187 1601 385 1691 expellendae
402 1618 528 1684 auctor,
543 1600 688 1666 reditum
707 1601 810 1682 illius,
825 1618 864 1665 ut
880 1619 1020 1667 mortem
1033 1628 1147 1688 suam,

71 1704 237 1769 horrebat.
261 1703 367 1794 l'gitur
389 1704 498 1792 primo
521 1725 599 1766 cum
622 1703 748 1766 Caesare
768 1725 886 1792 agere:
908 1703 1082 1771 discederet
1103 1707 1152 1770 ad
1221 1774 1225 1785 ,

69 1806 226 1895 majorum
246 1827 353 1870 rerum
371 1800 603 1894 componendos
619 1803 789 1884 tumultus,
814 1805 969 1869 creditum
986 1819 1017 1871 et
1032 1821 1150 1872 coetera
1192 1825 1194 1828 ·

65 1907 353 1995 percommodum,
373 1924 404 1973 et
419 1909 566 1970 nraxrhr‘a
582 1909 776 1994 cumgratia
796 1922 983 1995 recepturus.
1008 1908 1074 1974 Sed
1097 1911 1148 1975 ille

72 2031 192 2099 negans
210 2010 400 2099 cujusquam
411 2011 563 2096 AEgyptii
575 2008 706 2071 consilio
720 2009 781 2071 sibi
794 2031 871 2096 opus
886 2031 965 2091 esse,
985 2010 1033 2073 ad
1046 2035 1077 2074 se
1093 2035 1149 2075 ae-

71 2114 138 2174 m're
154 2100 399 2199 reges‚,dimisso
417 2112 579 2190 exercitu,
598 2125 629 2175 et
644 2110 818 2198 disceptare
833 2110 958 2201 dejure
974 2134 1030 2175 suo
1043 2113 1150 2191 jussit.

72 2214 179 2279 Tanto
198 2213 293 2300 plura
309 2212 350 2277 ad
367 2212 523 2278 invidiam
541 2212 611 2291 ejus
626 2228 659 2276 et
677 2213 909 2277 contumeliam
927 2213 1089 2279 Pothinus
1106 2217 1153 2281 fa-

72 2337 166 2380 cere:
184 2316 388 2379 fulmentum
404 2330 497 2379 vetus
509 2329 542 2378 et
554 2329 748 2401 corruptum
762 2311 959 2377 distribuere
975 2315 1152 2398 militibus,

73 2433 105 2481 et
114 2416 174 2480 ubi
186 2417 419 2504 querebantur,
424 2418 589 2505 patienter
589 2414 770 2502 ferendum
786 2413 908 2497 dicere;
913 2416 991 2503 jam
1003 2419 1087 2480 emin
1104 2442 1154 2482 eos

74 2518 112 2581 de
133 2517 241 2582 alieno
266 2517 413 2598 tolerari,
432 2520 553 2583 cunctis
577 2520 612 2580 in
627 2530 817 2606 potestatem
834 2516 967 2581 Caesaris
985 2520 1156 2584 conceden-

74 2622 168 2685 tibus.
812 2645 827 2677 a

118 2720 244 2786 XXXI.
261 2722 419 2787 Convivia
435 2744 569 2809 quoque
584 2719 693 2812 figlina
706 2720 877 2809 ligneaque
890 2721 1088 2809 supellectile
1103 2722 1155 2786 in·

77 2823 238 2906 struebat,
256 2839 410 2911 argentea
435 2839 466 2889 et
489 2847 590 2888 aurea
616 2846 702 2887 vasa
724 2823 847 2889 Caesari
865 2826 899 2886 in
923 2823 1061 2887 solutum
1083 2825 1159 2888 dari

78 2924 215 2990 debuisse
232 2946 399 2990 excusans.
427 2925 518 3008 Quin
542 2941 576 2989 et
594 2947 717 2989 sacram
735 2925 909 3013 pecuniam
928 2925 989 2988 hac
1008 2927 1156 3013 praescri-

78 3027 191 3114 ptione
206 3027 342 3092 tollebat
356 3050 375 3090 e
390 3028 537 3115 templis,
553 3050 624 3091 rem
637 3026 798 3116 AEgyptiis
815 3025 1073 3109 acerbissimam,
1091 3052 1156 3116 qua

79 3144 174 3216 geute
194 3129 277 3193 nihil
299 3129 361 3192 fuit
380 3151 528 3216 unquam
544 3127 769 3217 superstitioni
786 3126 965 3210 addictius;
982 3129 1155 3218 arguebat-

81 3253 143 3319 que
160 3231 243 3295 clam
259 3233 460 3320 imquitatem
478 3230 629 3310 Caesaris,
648 3232 704 3318 qui
720 3241 846 3293 tantam
863 3232 930 3293 sine
948 3252 1046 3293 causa
1058 3254 1157 3319 pecu·

80 3334 168 3397 niam
176 3345 313 3422 peteret,
333 3348 371 3399 ut
389 3336 447 3422 qui
464 3333 650 3413 Ptolemaeo,
672 3333 748 3396 dum
767 3334 867 3396 socius
886 3343 918 3395 et
932 3355 993 3394 rex
1009 3333 1156 3422 appella·

80 3449 178 3516 tetra,
193 3435 277 3500 nihil
288 3437 462 3515 recusanti,
481 3457 537 3499 suo
547 3435 750 3522 Pompeiique
763 3435 889 3496 nomine
896 3455 996 3522 prope
1008 3456 1067 3496 sem
1082 3433 1157 3496 mil·

81 3535 125 3600 lia
143 3535 337 3601 talentorum
355 3535 542 3601 abstulisset.
567 3535 657 3599 Misit
672 3552 705 3600 et
722 3534 763 3599 ad
780 3534 939 3599 Achillam
961 3536 1095 3599 nuntios
1114 3535 1156 3600 de

82 3661 142 3703 suo
158 3639 365 3727 aliorumque
378 3661 417 3702 ex
431 3639 527 3727 regiis
543 3636 655 3700 amicis
670 3637 824 3719 consilio,
844 3659 927 3725 quos
941 3635 983 3700 ad
1006 3637 1155 3702 eamdem

84 3754 226 3803 mentem
249 3739 439 3827 impulerat,
466 3762 541 3803 cum
561 3738 705 3802 exercitu
721 3737 840 3817 jubens
859 3738 1084 3804 Alexandriam
1105 3762 1158 3803 ac-

84 3840 209 3906 cedere.

121 3992 248 4057 sxxnt.
261 3995 318 4042 Dio.
331 4022 366 4032 -
379 3994 503 4044 Plutarch.
516 4022 549 4032 -
562 3996 624 4044 Ces.
634 4023 669 4034 -
682 3994 699 4060 S
710 3998 795 4046 XXX.
809 3998 937 4058 Oroavl,
954 3997 993 4044 15.
1002 4023 1037 4034 -
1050 3997 1112 4046 Cas.
1122 4024 1158 4036 -

85 4076 208 4126 Plutarch.
221 4104 256 4114 -
270 4077 286 4142 S
300 4080 399 4128 XXXI.
413 4081 486 4129 Oros.
500 4107 534 4117 -
548 4080 651 4129 Sueton.
663 4081 691 4129 in
704 4083 765 4132 eas.
780 4097 833 4146 cap.
847 4082 888 4137 54.
900 4108 935 4119 -
947 4081 1006 4129 Dio.
1020 4109 1055 4117 -
1068 4083 1161 4130 Lucan.

87 4163 130 4219 Χ,
144 4162 205 4209 35ο.
219 4189 256 4199 -
268 4164 330 4212 cm.
