2686 4822
150 365 192 409 ro
313 343 381 408 JO.
414 341 762 411 FREINSHEMII
797 342 1041 411 SUPPLEM.

145 461 178 523 in
196 461 427 549 paratissimam
445 461 591 525 hostium
608 463 760 543 classem,
779 477 813 526 et
825 461 1021 526 acerrimum
1034 460 1154 528 ducem
1168 465 1219 547 in·

146 560 287 627 uidisset.
668 582 670 586 ·

187 664 294 727 XXII.
309 666 459 751 Corcyrae
470 681 624 728 trecentas
633 664 780 752 Pompeii
794 664 942 728 triremes
956 681 1129 730 steterant:
1141 666 1218 731 inde

142 787 246 851 quum
263 765 496 847 discederetur,
522 789 597 830 cum
619 767 740 847 majore
759 788 900 830 numero
924 767 1087 854 reliquos,
1111 784 1149 830 ut
1169 784 1219 832 est

141 867 344 955 expositum,
361 868 525 948 transjecit
540 869 573 930 in
589 867 729 931 Africam
743 868 838 949 Cato;
853 867 999 931 triremes
1011 868 1218 956 septuaginta

142 970 178 1032 C.
188 969 298 1033 Cassio
312 968 411 1051 datae,
423 969 543 1058 quibus
554 970 699 1034 Pontum
712 969 980 1056 Pharnacemque
990 967 1109 1047 adiret,
1123 969 1217 1034 illum

139 1092 273 1158 quoque
290 1094 399 1159 regern
413 1072 614 1136 conciturus.
632 1072 719 1134 Tum
738 1085 869 1151 autem,
888 1069 1002 1134 audito
1018 1069 1131 1134 adesse
1150 1072 1218 1135 Cae-

140 1193 264 1252 sarem,
279 1173 370 1259 quasi
387 1171 609 1260 deprehensus
624 1172 694 1260 ipse
708 1188 812 1253 esset,
833 1171 996 1258 supplices
1015 1194 1033 1234 e
1053 1172 1127 1236 navi
1147 1189 1218 1236 ten·

140 1270 220 1337 dens
247 1296 381 1355 manus,
397 1275 525 1338 veniam
551 1273 613 1337 sibi
637 1274 770 1360 suisque
797 1273 921 1337 orabat.
944 1274 1090 1362 Agnovit
1111 1275 1217 1338 Caesar

124 1362 308 1439 'fortunam
325 1399 435 1458 suam,
450 1391 483 1440 et
500 1398 569 1439 non
586 1390 762 1439 contentus
779 1373 840 1437 hac
853 1373 1008 1454 victoria,
1022 1372 1146 1438 nedum
1162 1374 1215 1437 in·

138 1474 342 1557 columitate,
364 1476 542 1558 dubitavit,
564 1499 604 1539 an
622 1476 798 1563 reciperet3
818 1474 947 1563 fuitque
961 1498 979 1539 a
991 1477 1108 1557 Bruto,
1122 1475 1215 1556 cujus

138 1597 283 1640 sororem
301 1581 429 1642 Cassius
448 1577 602 1660 duxerat,
620 1576 816 1642 exorandus.

182 1679 305 1743 XXIII.
329 1682 405 1744 Haec
422 1680 486 1761 ita,
508 1697 667 1767 sequutus
683 1695 851 1759 auctores,
872 1678 930 1766 qui
948 1681 985 1742 C.
1003 1678 1155 1742 Cassium
1179 1680 1213 1743 in

137 1780 349 1868 Hellesponto
363 1780 511 1846 deditum
525 1781 811 1869 scribunt‚posui;
822 1795 975 1843 caeterum
985 1780 1165 1843 Suetonius
1180 1797 1214 1843 et

136 1881 217 1964 Dio,
235 1885 408 1972 scriptores
426 1884 560 1947 minime
577 1882 771 1971 spernendi,
789 1883 825 1946 L.
836 1881 982 1948 Cassium
1005 1880 1215 1947 tradiderunt

136 2000 289 2050 rostratas
305 1985 419 2052 decern
435 1987 609 2050 habentem
624 1985 803 2074 supplicem
816 1984 932 2048 Caesari
948 1986 1081 2049 facturn.
1097 1985 1213 2049 Sanea

135 2089 305 2174 praefracto
315 2089 566 2175 contumacique
579 2091 614 2152 C.
622 2088 721 2151 Cassii
733 2086 866 2176 ingenio
881 2086 1081 2174 permultum
1095 2109 1134 2150 ea
1142 2087 1214 2151 vili·

138 2204 183 2250 tas
198 2187 349 2270 dissidet;
365 2190 444 2270 nisi,
462 2189 553 2277 quod
566 2191 733 2278 Appianus
752 2206 877 2269 censet,
891 2189 1032 2253 fortunae
1051 2190 1212 2254 Caesarem

136 2291 285 2354 efferenti
303 2290 419 2356 cedere
436 2308 507 2355 tum
528 2293 639 2355 omnia
656 2290 853 2355 debuerunt.
873 2292 915 2355 At
933 2293 1058 2372 Caesar,
1077 2307 1213 2378 praster-

134 2410 247 2457 rectus
260 2416 352 2457 oram
363 2395 460 2475 Asiae,
473 2394 640 2482 Ephesum
654 2393 778 2482 attigit,
793 2392 904 2480 ibique
920 2406 1085 2455 senatores
1095 2414 1213 2457 omnes

134 2516 174 2556 ex
192 2496 359 2582 provincia
381 2497 443 2560 sub
461 2495 592 2560 eosdem
612 2495 680 2560 dies
698 2519 738 2559 eo
757 2510 953 2561 convocatos
972 2516 1042 2558 esse
1058 2495 1214 2582 cognovit

133 2595 200 2659 aT.
212 2597 329 2684 Ampio
341 2597 457 2678 Balbo,
471 2598 528 2685 qui
541 2596 582 2662 ad
595 2598 772 2664 tollendam
788 2621 827 2662 ex
840 2596 964 2684 templo
976 2618 1099 2660 sacram
1111 2618 1212 2684 pecu·

135 2697 222 2759 niam
238 2698 376 2762 testibus
390 2699 441 2763 his
454 2701 502 2763 uti
520 2701 703 2788 cogitasset.
719 2699 772 2762 Sic
789 2699 909 2761 iterum
926 2713 1049 2762 servata
1063 2696 1212 2784 Ephesiae

134 2798 246 2862 Dianae
256 2801 410 2886 pecunia,
428 2803 524 2864 Ionas
534 2816 728 2888 caeterasque
738 2817 852 2889 gentes
863 2800 964 2881 Asiae,
979 2799 1085 2862 missis
1097 2799 1212 2887 legatis

135 2900 362 2987 deprecantes,
375 2902 469 2966 venia
486 2901 868 2990 prosequutus,insuper
886 2899 1086 2989 provinciam
1101 2899 1212 2986 publi-

133 3024 290 3065 canorum
308 3003 453 3085 injuriis,
470 3020 502 3067 et
518 3004 637 3067 triente
650 3003 736 3067 soliti
750 3003 864 3067 tributi
877 3003 1009 3066 levavit:
1024 3024 1085 3065 nec
1100 3018 1209 3066 tamen

133 3105 244 3168 omisit
260 3105 511 3193 locupletiorum
528 3106 695 3193 publicare
711 3108 876 3186 fortunas,
892 3127 974 3192 quos
990 3105 1104 3169 favisse
1117 3104 1212 3168 Pom·

133 3209 207 3296 peio
225 3209 411 3290 constabat3
439 3231 581 3296 quorum
605 3207 815 3296 Pythodorus
833 3230 873 3271 ex
891 3208 1119 3271 Asiarcharum
1143 3230 1210 3271 nu·

133 3333 234 3391 mero,
246 3334 349 3397 quum
361 3311 493 3377 duobus
504 3311 700 3374 talentorum
713 3308 855 3373 millibus
868 3309 1006 3397 amplius
1016 3307 1210 3396 possideret,

130 3410 270 3475 redemit
289 3435 307 3475 a
326 3416 450 3477 Caesare
468 3434 546 3499 opes
566 3434 660 3492 suas,
679 3434 787 3499 neque
805 3411 948 3475 minores
969 3410 1103 3498 reliquit
1124 3411 1210 3476 libe·

132 3515 175 3578 ris
193 3536 201 3577 :
223 3513 313 3578 unde
328 3536 405 3577 mox
418 3513 459 3578 ad
475 3515 580 3602 regale
597 3514 762 3602 fastigium
779 3510 1029 3577 adscenderunt.

174 3616 295 3679 XXIV.
306 3616 393 3678 Tum
404 3638 481 3680 vero
491 3630 524 3679 et
535 3615 662 3679 Gnidiis
674 3616 864 3681 immunitas
874 3615 948 3678 data
959 3614 1211 3702 propterTheo·

132 3740 310 3806 pompam,
330 3718 388 3803 qui
411 3716 497 3780 inter
519 3741 640 3807 graecos
661 3719 783 3781 amicos
806 3717 967 3805 praecipue
990 3717 1150 3804 gratiosus
1176 3735 1212 3782 et

131 3837 247 3906 potens
263 3817 351 3906 apud
362 3822 520 3883 Caesarem
538 3838 616 3884 erat.
634 3819 697 3883 Sed
709 3822 814 3883 Caesar
826 3818 938 3907 paucis
951 3817 1067 3881 diebus
1083 3816 1116 3881 in
1132 3819 1211 3881 Asia

179 4038 280 4106 §xxti
293 4034 400 4100 Appiam
416 4064 449 4071 —
461 4037 524 4084 Plut.
540 4064 573 4073 -·
586 4034 603 4100 S
617 4037 714 4083 XXIII.
724 4038 785 4085 Cres.
798 4065 830 4073 -
841 4037 954 4102 Appian.
968 4064 1000 4073 -
1015 4037 1072 4084 Dio.
1081 4061 1116 4072 -
1127 4035 1212 4087 Stttb.

128 4120 172 4174 lib.
180 4121 251 4181 XIV,
262 4136 287 4185 p.
303 4119 362 4168 656.
373 4148 406 4159 -
419 4121 484 4172 Plut.
496 4150 531 4162 -
545 4123 637 4170 Lucan.
653 4121 780 4183 1x‚962.
