2686 4822
242 357 296 425 IN
326 357 442 424 LOC.
470 357 561 423 Llu.
589 359 700 427 (lel
731 356 951 427 LIVIANI.
1087 383 1134 454 29

56 473 510 562 cunctarentur,p1mlectus
548 475 672 539 rhodia
701 477 808 541 classis
838 478 1056 566 Euphranor,
1085 480 1136 543 tir

55 577 166 640 animo
184 591 218 639 et
234 576 369 639 scientia
385 576 553 639 maritimas
568 578 616 640 rei
633 579 714 643 nulli
734 579 1004 667 postponendus,
1020 581 1136 668 recipit

56 678 191 758 Caesari,
207 701 240 741 se
248 699 449 766 progressam
454 675 565 765 facile
583 694 780 744 moraturum
797 702 859 743 asse
877 680 1134 761 Alexandrinos,

54 783 156 844 donec
170 781 369 868 subsequuta
383 793 506 844 caeteroe
521 802 616 844 nares
631 780 793 870 explecare
805 784 905 845 aciem
914 797 1051 870 possent.

101 882 221 946 LXXI.
242 882 311 946 Nec
327 880 421 969 plura
438 881 588 970 promisit
601 882 671 963 ille,
690 904 787 971 quarn
803 883 972 971 praestitit:
984 883 1137 947 scientia·

56 1008 124 1073 que
139 983 366 1065 Rhodiorum,
381 1000 414 1048 et
426 986 547 1048 virtute
562 984 690 1068 militis,
711 982 815 1072 quum
831 1008 891 1073 pro
908 985 1012 1049 salute
1028 1008 1088 1049 sua
1103 1002 1137 1050 et

56 1109 174 1150 eorum
192 1087 310 1167 etiam,
328 1086 385 1174 qui
401 1085 503 1149 relicti
522 1086 555 1148 in
572 1084 696 1176 oppido
712 1103 822 1168 eraut,
838 1088 924 1151 sicut
939 1087 1075 1151 nomine
1089 1110 1139 1150 ro·

57 1212 173 1264 mano,
186 1205 220 1252 et
233 1188 348 1253 ultima
359 1186 548 1251 necessitate
560 1186 697 1277 dignum
710 1204 796 1269 erat,
809 1187 991 1270 dimicaret,
1008 1188 1139 1252 Alexan·

56 1289 143 1355 drini
152 1338 162 1372 ,
172 1290 250 1354 licet
264 1312 403 1353 numero
415 1290 548 1353 navium
562 1288 805 1377 hominumque
818 1291 923 1354 multo
936 1291 1138 1378 superiores,

56 1390 136 1456 victi
153 1406 254 1455 sunt:
270 1411 389 1479 paucas
407 1405 516 1453 tamen
535 1390 714 1455 amiserunt
729 1413 842 1475 naves,
857 1408 991 1481 propter
1009 1392 1139 1480 propin·

58 1515 162 1581 quum
181 1491 391 1580 perfugium,
407 1507 440 1555 et
453 1490 531 1578 quia
544 1514 584 1556 ex
599 1491 741 1557 molibus
763 1508 796 1557 et
813 1491 955 1556 aedificiis
974 1493 1062 1556 litori
1077 1493 1140 1556 im·

60 1592 261 1658 minentibus
288 1592 558 1660 defendebantur.
585 1593 712 1659 Idcirco
742 1597 865 1675 Caesar,
891 1618 958 1682 quo
983 1597 1069 1659 hanc
1092 1597 1137 1658 eis

60 1695 217 1759 adimeret
240 1695 541 1784 opportunitatem,
568 1695 705 1759 omnino
731 1695 792 1760 sibi
817 1694 1005 1759 conandum
1025 1696 1137 1760 existi·

61 1796 186 1880 mahat,
203 1813 243 1864 ut
255 1797 421 1878 Pharum,
435 1812 485 1877 et,
509 1819 575 1883 qua
597 1797 722 1861 Pharus
741 1796 941 1862 Alexandriae
959 1798 1138 1861 committi-

63 1913 131 1979 tur,
144 1898 266 1963 molem
282 1898 316 1961 iu
330 1919 388 1962 sua
403 1913 565 1985 potestate
581 1897 726 1962 baberet.

104 2000 239 2064 LXXII.
262 2000 378 2088 Neque
397 1997 572 2064 difficulter
593 2016 778 2088 expugnata
800 2016 849 2064 est
869 2001 993 2082 insula3
1017 2002 1075 2067 sed
1097 2002 1138 2066 ad

65 2116 212 2186 portum,
229 2122 328 2188 quem
340 2100 465 2189 oppido
480 2123 543 2166 suo
557 2101 826 2189 propinquiorem
844 2103 1052 2167 Alexandrini
1068 2121 1140 2168 tue·

65 2202 200 2284 bantur,
220 2202 351 2282 majoris
364 2201 548 2265 certaminis
565 2225 616 2265 res
636 2202 719 2266 luite
734 2219 769 2268 et
785 2226 889 2290 quum
908 2203 1046 2292 remiges
1065 2206 1141 2268 clas·

64 2304 214 2392 siariiquc
230 2305 361 2368 Caesaris
374 2304 500 2383 injussu
514 2302 717 2391 imperatoris
730 2326 849 2393 pugnae
865 2326 900 2366 se
914 2304 1141 2382 miscuissent,

63 2405 181 2469 deinde
203 2406 315 2470 subito
343 2406 504 2495 perterriti
530 2406 626 2469 etiam
648 2428 800 2494 pavorem
822 2405 1008 2486 injecissent
1030 2406 1141 2469 militi·

65 2508 143 2587 hus,
167 2506 246 2598 luga
268 2509 419 2572 omnium
443 2508 484 2573 nd
509 2530 607 2572 naves
630 2509 735 2589 facta,
760 2508 856 2571 multi
874 2508 973 2571 occisi
998 2507 1140 2572 suntab

64 2609 230 2690 hostibus,
255 2632 393 2699 magnus
417 2631 573 2674 numerus
607 2610 796 2673 inconsulto
821 2607 1037 2690 irruentium,
1062 2632 1138 2673 cum

64 2710 139 2797 ipsis
154 2710 294 2774 naribus
310 2708 461 2776 demersi.
480 2713 518 2775 In
538 2711 603 2775 hoc
619 2710 767 2798 periculo
784 2713 901 2791 Caesar,
921 2733 1045 2798 quum,
1060 2735 1139 2800 pro·

65 2808 175 2900 fligatis
201 2832 392 2875 succurrere
417 2813 570 2901 cupiens,
595 2835 662 2875 non
690 2811 731 2875 ab
757 2812 910 2876 hostibus
938 2812 1058 2893 modo,
1081 2814 1138 2876 secl

65 2913 158 2975 ctiam
174 2913 243 2976 suis
259 2912 425 3002 navigium
440 2914 652 2978 onerantibus
671 2914 819 2994 timeret,
838 2914 932 2992 ejecit
955 2936 990 2977 se
1015 2916 1048 2977 in
1075 2938 1139 2978 un·

66 3013 136 3097 das,
152 3028 207 3096 et,
227 3014 305 3102 quia
320 3013 588 3103 paludamentum
604 3032 752 3080 natatum
770 3016 986 3104 prohibebat,
1012 3016 1068 3079 illo
1088 3040 1139 3079 re·

67 3115 159 3197 licto,
176 3139 236 3205 per
253 3119 393 3205 spatium
409 3117 628 3182 ducentorum
646 3140 801 3206 passuum
820 3117 985 3181 adnatavit
1003 3116 1043 3180 ad
1066 3139 1139 3192 eas,

67 3241 135 3304 que
151 3219 283 3307 longius
300 3219 509 3302 abstiterant,
526 3243 635 3285 naves.

107 3320 258 3384 LXXIII.
279 3321 465 3408 Utrumque
481 3322 653 3384 consilinm
670 3321 810 3384 salutare
826 3321 911 3387 fuit:
935 3344 1011 3385 nam
1029 3338 1063 3385 et
1080 3345 1139 3385 na·
1163 3358 1167 3366 ·

67 3419 128 3501 ris,
143 3442 245 3506 quam
267 3421 463 3509 reliquerat,
490 3445 557 3509 prae
572 3421 786 3485 multitudine
805 3422 973 3503 subsedit3
996 3439 1029 3486 et
1047 3425 1139 3512 palu-

68 3519 255 3586 damentum
272 3523 382 3587 hostes
395 3525 561 3612 petierunt
577 3525 664 3605 telis,
682 3522 830 3587 dumille
845 3524 1012 3612 ignoratus
1031 3541 1063 3588 et
1080 3547 1139 3586 ne·

68 3625 188 3709 glectus
204 3623 321 3689 evadit.
340 3625 457 3714 Neque
472 3625 648 3714 indignum
664 3626 768 3689 relatu
787 3641 856 3705 est,
873 3625 964 3713 quod
983 3626 1139 3706 traditur,

70 3725 200 3807 libellos,
227 3749 305 3815 quos
320 3726 417 3816 forte
440 3750 539 3791 oraria
560 3727 705 3805 terrebat,
730 3729 813 3790 inter
837 3727 1018 3791 natandum
1047 3750 1142 3815 supra

69 3852 185 3917 caparam
198 3828 349 3908 elevasse,
367 3853 407 3892 ne
420 3823 621 3913 ntarlefiercnt
629 3854 642 3909 ,⁰
651 3827 919 3917 paludamentum
933 3832 1068 3892 traxisse
1080 3828 1142 3894 ali·

68 3931 220 4018 quamdiu
239 3930 413 4010 mordicas,
430 3955 471 3995 ne
493 3930 593 3995 hostes
612 3954 649 3994 eo
662 3933 848 4019 potirentur.
872 3934 914 3995 At
933 3930 1139 3995 Alexandrini

101 4121 117 4184 5
136 4121 239 4170 txxn.
254 4124 326 4169 Oros.
335 4122 383 4178 VI,
397 4123 435 4171 15.
451 4149 485 4158 --
496 4123 554 4171 Dio.
567 4150 597 4159 ·—
616 4121 723 4187 Appian.
734 4124 761 4171 lt.
771 4123 826 4171 Cir.
840 4123 884 4172 lib.
895 4124 920 4170 Il
930 4156 936 4180 ,
948 4140 973 4187 p.
984 4125 1033 4179 484
1045 4134 1069 4171 et
1082 4124 1140 4172 sat.
