2686 4822
210 331 255 404 30
381 333 454 413 JO.
481 332 824 401 FREINSHEMII
855 317 1101 401 SUPPLEM.

210 456 348 521 victores
364 452 482 519 eodem
499 454 573 517 loco
592 455 759 517 castellum
776 476 854 518 cum
873 454 1002 542 magnis
1022 436 1285 534 munitionibus,

209 558 384 643 multisque
396 555 568 619 tormentis
584 554 841 636 constituerunt,
856 571 1080 643 tropaeumque
1094 572 1285 635 erexerunt,

210 662 242 735 in
257 682 324 748 quo
337 675 370 723 et
378 656 659 748 paludamentum,
672 657 713 722 de
723 659 847 723 Caesare
856 675 1008 745 captum,
1020 679 1215 745 suspensum
1225 673 1285 722 est.

252 760 401 835 Lxxtv.
419 761 488 851 liae
504 758 595 824 clade
612 781 680 824 non
698 775 764 823 tam
783 759 983 848 perturbati,
1001 781 1100 845 quarn
1116 760 1215 823 erecti
1233 750 1288 824 in'·

209 862 364 949 censique
388 876 467 924 sunt
488 861 629 925 militum
653 860 771 942 animi3
792 858 874 925 adeo
897 858 1049 947 quidem,
1067 875 1104 924 ut
1124 877 1199 948 post
1221 863 1288 927 hoc

208 960 459 1027 incommodum
485 960 757 1026 formidabiliores
778 960 895 1025 fierent
916 960 1161 1043 Alexandrinis,
1185 985 1287 1050 quam

210 1082 304 1131 antea
323 1063 482 1144 fuissent5
502 1062 593 1150 quod
610 1085 718 1150 neque
736 1059 889 1126 secundis
907 1061 1005 1125 rebus
1024 1063 1207 1150 quiescere,
1226 1085 1289 1126 ne·

212 1190 278 1255 que
294 1166 401 1255 frangi
413 1163 555 1230 adversis
566 1163 732 1229 videbant.
745 1162 851 1252 Igitur
863 1162 974 1253 legatis
986 1161 1027 1227 ad
1042 1165 1199 1227 Caesarem
1213 1164 1292 1227 mis-

211 1269 273 1348 sis,
302 1289 412 1356 regem
440 1288 539 1330 suum
565 1264 628 1329 sibi
656 1264 779 1329 remitti
805 1280 926 1330 orant:
949 1278 1101 1354 pertoesos
1123 1268 1291 1354 imperium

205 1368 326 1457 puellae
344 1381 376 1431 et
389 1366 608 1431 crudelitatem
627 1363 837 1450 Ganymedis,
857 1366 945 1454 quod
957 1369 1024 1454 regi
1029 1365 1201 1455 placuisset
1206 1416 1217 1448 ,
1222 1365 1293 1455 sa-

210 1487 341 1535 cturos:
365 1482 462 1558 atque
483 1469 571 1532 illius
598 1467 689 1555 apud
714 1467 869 1532 Caesarem
893 1471 1033 1556 gratiam
1052 1469 1205 1557 praesidio
1231 1469 1297 1533 snt

199 1568 279 1658 fore
286 1616 296 1649 ‚
314 1592 377 1658 quo
392 1571 489 1635 tutius
504 1569 553 1633 ad
565 1570 742 1632 nmicdtam
759 1563 966 1657 officiumque
981 1568 1133 1634 redeant..
1142 1568 1193 1637 lbi
1214 1570 1294 1633 Pto·

210 1673 343 1737 lemaeus
360 1669 442 1736 flens
460 1693 554 1735 orare
571 1671 731 1734 Caesarem
750 1670 868 1758 coepit,
888 1692 930 1733 ne
945 1693 980 1735 se
992 1669 1191 1736 dimitteret:
1209 1669 1296 1735 mtttt

210 1773 271 1837 sttt
291 1786 456 1860 conpectu
474 1773 568 1860 ipsius
585 1794 648 1834 esse
661 1771 851 1860 jucundius.
873 1770 938 1836 Sed
959 1770 1041 1836 adeo
1056 1770 1138 1837 fictae
1154 1773 1293 1838 luerunt

212 1897 257 1940 eae
280 1874 450 1961 lacrymae,
473 1888 510 1935 ut
521 1871 666 1936 adventu
689 1872 758 1951 ejus
774 1870 1002 1952 Alexandrini,
1023 1873 1050 1936 si
1072 1895 1170 1960 quam
1195 1888 1294 1939 antea

212 1974 443 2064 cogitationem
467 1973 554 2061 pacis
577 1972 787 2055 habuissent,
812 1995 883 2037 eam
910 1995 1043 2037 omnem
1066 1971 1292 2062 deponerent,

211 2076 401 2163 bellumque
415 2075 537 2156 acrius,
554 2097 653 2162 quarn
670 2097 818 2162 unquam
835 2075 945 2163 prius,
967 2073 1245 2141 administrarent.

256 2177 388 2241 LXXV.
406 2177 478 2239 Iam
495 2199 535 2240 ex
550 2176 640 2264 Syria
657 2193 690 2240 et
710 2175 821 2240 Cilicia
836 2175 1002 2245 confluere
1021 2176 1139 2255 auxilia
1157 2176 1200 2241 ad
1219 2180 1292 2242 Cte-

211 2301 315 2345 sarem
333 2294 516 2367 coeperant,
533 2294 803 2367 commeatusque
818 2279 956 2342 navibus
969 2280 1143 2368 apportari.
1159 2281 1219 2345 His
1237 2281 1293 2345 in·

213 2378 422 2468 tercipiendis
438 2377 586 2469 AEgpptii
606 2376 648 2442 ad
667 2377 733 2442 Nili
749 2378 831 2442 ostia
844 2379 935 2468 ignes
951 2381 1135 2445 excitabant
1146 2405 1155 2446 ε
1168 2382 1292 2470 quibus

212 2482 359 2569 decepti,
374 2504 480 2569 quum
495 2480 541 2545 ibi
554 2479 700 2568 praesidia
713 2481 844 2545 Caesaris
864 2505 934 2546 esse
949 2498 1121 2571 putarent,
1136 2485 1292 2549 nonnulli

212 2583 401 2648 inciderunt
417 2583 451 2646 in
469 2583 617 2647 hostium
637 2604 773 2662 manus;
791 2581 896 2647 donec
913 2598 1055 2670 quaestor
1070 2584 1119 2665 Ti.
1134 2583 1292 2651 Claudius

213 2685 321 2767 Nero,
338 2701 430 2773 pater
446 2683 516 2763 ejus
531 2683 673 2766 Tiberii,
694 2684 751 2770 qui
767 2700 879 2772 postea
896 2683 1080 2772 imperavit,
1097 2707 1175 2749 cum
1190 2686 1292 2751 classe

213 2785 255 2851 ad
275 2788 449 2874 Canopum
469 2787 653 2872 profectus,
678 2784 845 2848 submovit
864 2782 1097 2872 AEgyptiorum
1114 2787 1291 2868 stationes,

213 2887 460 2976 plurimumque
470 2908 510 2948 eo
521 2882 608 2948 facto
621 2883 663 2948 ad
671 2883 841 2949 victoriam
854 2885 1004 2950 eontulit.
1019 2886 1168 2951 Amissus
1180 2903 1292 2953 tamen

215 3011 252 3053 ea
271 2986 478 3077 expeditione
499 3008 575 3052 cum
598 3008 656 3050 sua
678 2985 878 3074 quadriremi
901 2988 1050 3053 Rhodius
1074 2989 1291 3078 Euphranor,

215 3091 262 3155 rei
278 3091 362 3155 bene
378 3105 476 3177 gestae
493 3087 618 3151 tristem
636 3088 795 3175 imposuit
811 3105 933 3155 notatu.

259 3191 405 3254 LXXVI.
428 3190 518 3252 lnter
535 3188 605 3251 haec
620 3187 824 3253 Mithridates
842 3190 1083 3279 Pergamenus,
1101 3190 1197 3257 initio
1213 3192 1293 3259 belli

216 3296 335 3358 missus
350 3315 369 3355 a
386 3294 526 3370 Caesare,
543 3288 663 3354 validas
678 3290 712 3352 in
729 3290 819 3378 Syria
839 3307 937 3379 atque
958 3292 1068 3356 Cilicia
1084 3293 1193 3381 copias
1212 3317 1294 3358 con·

217 3409 378 3461 traxerat:
394 3408 463 3456 erat
477 3391 565 3455 enim
582 3413 707 3480 magnae
722 3390 810 3480 apud
829 3391 972 3458 civitates
986 3395 1203 3475 auctoritatis,
1217 3419 1295 3484 pro·

218 3511 292 3584 pter
304 3492 502 3580 singularem
520 3491 672 3556 virtutem
689 3493 723 3556 in
741 3493 845 3574 bello,
863 3510 897 3557 et
909 3517 1072 3559 summam
1087 3496 1294 3563 nobilitatem

220 3595 332 3675 domi3
348 3593 470 3681 quippe
492 3592 533 3657 ad
554 3593 771 3682 Gallograecis
792 3595 968 3659 tetrarchas
989 3597 1150 3661 referebat
1169 3621 1294 3688 genus,

217 3713 251 3760 et
263 3694 338 3782 quia
352 3693 467 3782 pellice
479 3693 678 3759 Mithridatis
692 3694 804 3784 Magni
819 3712 887 3759 erat
899 3695 1024 3779 editus,
1040 3698 1135 3762 amici
1151 3703 1296 3769 materni

252 3928 270 3995 s
280 3928 401 3979 txxttt.
411 3929 477 3977 uin.
490 3953 525 3965 -
534 3928 658 3978 rtonrch.
678 3955 715 3967 -
732 3928 793 3977 nto.
803 3956 841 3968 -
851 3930 916 3980 Flor.
930 3932 979 3991 IV,
992 3948 1017 3982 n.
1029 3958 1066 3972 -
1078 3937 1182 3986 sueton.
1192 3935 1220 3985 lu
1229 3937 1295 3992 (hs.

220 4029 275 4078 cap.
289 4012 333 4067 64.
353 4038 387 4048 -
403 4010 548 4076 ttxxtv.
558 4011 667 4075 Appian.
677 4038 713 4048 -
727 4012 785 4060 nto.
797 4039 832 4051 -
842 4013 907 4062 ltin.
922 4042 956 4054 ·-
967 4014 983 4080 S
996 4016 1100 4067 LXXV.
1109 4020 1238 4079 broevt,
1252 4027 1296 4072 16.

218 4094 320 4147 -Βὸο,
333 4121 368 4131 -
381 4094 447 4145 Hirt-
460 4119 496 4130 -
512 4095 613 4141 Sueten.
627 4093 656 4141 iu
666 4094 749 4142 Tiber.
763 4111 817 4159 cap.
832 4104 857 4151 t.
