2686 4822
248 367 304 435 IN
336 368 454 438 LOC.
481 372 575 445 LlB.
602 372 713 439 CXII
742 370 951 443 LlVlANl.
1090 398 1131 444 ar

62 491 189 558 abitum
200 504 334 579 pactus,
352 513 467 555 navem
482 490 691 574 conscendit,
702 508 735 555 et
749 493 782 556 in
797 493 884 559 ostio
898 493 1041 561 fluminis
1051 497 1136 565 Iberi

63 615 140 657 cum
156 592 281 680 rapinis
298 592 365 663 suis
383 607 575 680 tempestate
593 608 642 656 est
660 594 811 659 obrutus.
824 594 878 659 Sic
890 619 910 659 a
923 596 1049 686 magnis
1061 597 1136 661 belli

64 693 162 757 urinis
176 694 334 782 Hispania
350 717 529 783 parumper
544 694 677 782 quievit.
695 695 824 761 Cassius
840 696 946 779 enim,
965 712 1136 772 tantaerat

64 796 210 859 bominis
235 793 403 878 vecordia,
430 794 582 884 gessisset
603 811 637 860 et
659 818 736 859 cum
757 795 924 863 Trebonio
945 797 1086 877 bellum,
1110 798 1137 861 si

66 896 235 987 Bogudem
255 898 383 962 trabere
400 897 435 961 in
454 898 642 963 societatem
662 897 784 963 furoris
804 899 975 986 potuisset.
991 898 1038 963 M.
1050 899 1139 964 Mar·

64 997 182 1084 rellus,
203 997 296 1086 quod
318 1021 353 1063 se
376 999 517 1087 tempori
536 997 799 1064 accommodasse
819 1000 907 1065 visus
926 1015 1011 1082 erat,
1032 1001 1139 1090 primo

64 1094 200 1187 quidem
211 1100 332 1171 iratum
343 1116 495 1189 expertus
508 1102 688 1182 Caesarem,
701 1101 818 1188 procul
829 1102 932 1189 patria
944 1102 1044 1167 vitam
1056 1103 1138 1192 egit3

64 1217 176 1288 postea
189 1216 298 1265 tamen
316 1217 502 1292 revocatus,
515 1201 659 1269 honores
672 1202 770 1267 etiam
780 1202 874 1291 petiit
883 1205 1057 1294 gessitque.
1068 1205 1141 1269 lloc

66 1303 207 1371 maximo
226 1302 329 1370 ruodo
353 1303 568 1393 hispaniensis
592 1319 722 1384 motus,
739 1304 862 1386 acrior,
880 1328 980 1394 quam
1000 1306 1142 1396 pertina-

65 1404 153 1483 cior,
172 1404 263 1468 initia
283 1403 448 1492 finemque
465 1404 590 1469 habuit.

111 1505 214 1570 Ll.ln
226 1506 357 1594 Illyrico
367 1506 498 1586 majoris
507 1506 675 1593 aliquanto
685 1505 903 1570 dimicationis
912 1529 982 1577 rem
994 1507 1039 1571 Μ.
1050 1509 1144 1572 Octa·

65 1607 139 1670 vius
153 1607 306 1671 effecerat
320 1631 328 1672 :
343 1631 414 1671 eam
429 1607 629 1695 provinciam
645 1607 687 1689 Q.
696 1607 891 1671 Cornificius
905 1609 1038 1672 Caesaris
1051 1631 1142 1696 quaa·¹

66 1725 137 1773 stor
147 1724 348 1798 propraetore
365 1710 495 1773 lortiter
506 1708 710 1796 feliciterque
725 1708 914 1791 obtinebat,
931 1710 1033 1798 captis
1045 1711 1142 1774 etiam

68 1810 179 1875 multis
188 1810 317 1875 Octavii
328 1811 483 1892 navibus,
498 1833 601 1896 quum
614 1810 640 1873 is
652 1832 692 1873 ex
701 1811 883 1908 Pharsalica
896 1811 973 1902 luga
984 1812 1018 1876 in
1033 1813 1141 1878 sinum

69 1909 271 1975 ladertinum
285 1933 321 1974 se
335 1911 519 2000 recepisset.
539 1914 584 1975 At
602 1915 725 1992 Caesar,
741 1913 924 1990 intellecto,
941 1915 1063 1979 multos
1079 1914 1142 1980 bo·

69 2012 168 2075 stium
180 2012 226 2079 ob
240 2013 523 2102 propinquitatem
538 2012 688 2079 locorum
699 2013 867 2102 Illyricum
883 2015 1018 2104 petisse,
1031 2015 1143 2103 ibique

67 2114 220 2203 colligere
233 2103 395 2201 dispersas
411 2136 548 2180 suorum
566 2113 736 2201 reliquias,
752 2117 791 2180 A.
802 2115 944 2181 Gabinio
957 2116 1143 2204 scripserat,

71 2216 117 2279 uti
135 2237 211 2285 cum
227 2215 414 2304 legionibus
429 2214 594 2296 tironum,
608 2237 689 2302 quas
705 2215 863 2297 habebat,
876 2217 1042 2305 Illyricum
1055 2230 1144 2304 pete·

70 2332 138 2397 ret,
156 2316 426 2397 conjunctarum
445 2317 622 2382 Cornilicio
640 2339 739 2405 opera
755 2315 950 2384 defensurus
960 2341 975 2399 ;λ
989 2317 1143 2382 transitu·

69 2441 126 2486 rus
144 2417 226 2507 quin
246 2418 348 2486 immo
370 2417 405 2481 in
424 2416 670 2498 Macedoniam,
688 2419 715 2481 si
739 2439 791 2482 res
813 2431 1001 2505 pateretur:
1018 2439 1093 2480 nam
1110 2417 1143 2479 in

69 2517 263 2588 Macedonia
277 2533 470 2582 renovatum
486 2518 524 2582 in’
539 2517 678 2600 bellum,
691 2517 841 2583 nondum
856 2518 986 2607 cognita
996 2517 1145 2607 Pompeii

71 2621 164 2709 luga,
181 2619 374 2687 crediderat.

114 2722 185 2793 Lll,
202 2720 267 2790 Sed
280 2722 476 2803 Gabinium,
493 2722 635 2810 peritum
649 2721 724 2788 belli
740 2721 927 2803 bominem,
940 2738 974 2785 et
987 2721 1145 2786 hactenus

70 2823 172 2890 [elicis
194 2822 355 2905 audaciae,
378 2825 509 2888 fortuna
528 2823 611 2887 adeo
631 2821 796 2904 desumit,
820 2838 858 2886 ut
880 2821 984 2887 multa
1003 2821 1143 2909 nequid·

70 2947 169 3010 quam
193 2940 350 3006 conatus,
366 2925 483 2994 amissa
505 2947 621 3013 magna
640 2940 731 3012 parte
754 2924 932 3005 exercitus,
948 2924 1002 2988 vix
1019 2924 1145 2988 Salonis

72 3042 163 3091 tutus
182 3043 290 3091 esset:
310 3050 385 3090 nam
406 3043 439 3092 et
454 3026 587 3090 Salonas
606 3048 798 3114 oppugnare
816 3026 885 3088 ausi
902 3024 1032 3106 hostes,
1049 3024 1145 3112 oppi-

71 3128 236 3193 danorum
255 3129 393 3209 virtutc,
409 3146 443 3193 et
460 3128 579 3217 insigni
595 3126 637 3192 ad
655 3127 848 3193 memoriam
867 3127 1010 3190 lacinore
1028 3127 1144 3189 mulie·

71 3252 147 3295 rum
161 3229 281 3319 repulsi
296 3245 385 3294 sunt.
403 3230 487 3295 Nam
503 3229 580 3312 illae,
597 3244 727 3293 noctem
746 3243 848 3292 atram
865 3243 984 3308 nactoe,
1001 3226 1146 3292 crinibus

71 3330 209 3421 sparsis,
227 3332 400 3395 Furiarum
417 3331 532 3398 habitu
549 3354 624 3394 cum
644 3329 769 3394 facibus
786 3327 829 3396 ad
851 3345 952 3395 castra
972 3351 1144 3417 procurre·

72 3449 168 3517 runt,
180 3433 408 3522 exterritisque
421 3433 590 3521 vigilibus,
604 3431 715 3495 multis
729 3431 808 3495 locis
823 3430 1005 3511 injecerunt
1018 3431 1145 3520 ignem,

72 3559 177 3623 quum
201 3552 336 3624 repente
356 3533 416 3600 viri
440 3533 607 3622 insequuti
631 3531 847 3612 cremamus,
872 3530 1056 3619 complures
1080 3555 1145 3619 prae

71 3637 339 3702 ‹mosternatione
350 3636 403 3700 vix
418 3636 469 3704 sui
483 3651 674 3724 compotes,
691 3635 771 3698 alios
786 3634 894 3700 adbuc
907 3656 1026 3697 somno
1038 3634 1145 3721 impli-

72 3739 156 3803 citos
174 3736 382 3821 occiderunt,
402 3738 580 3824 castrisque
598 3752 630 3801 et
648 3737 787 3801 statione
804 3736 936 3800 navium
952 3736 1152 3823 expulerunt⁴

72 3840 258 3915 Octavium.

119 3942 206 4016 Llll.
218 3940 283 4006 Sed
292 3940 346 4004 ille
358 3964 423 4005 non
436 3941 540 4008 multo
552 3956 627 4029 post
637 3939 789 4028 reparatis
800 3939 938 4015 viribus,
952 3937 1061 4026 praelio
1071 3936 1146 4003 vicit

107 4127 126 4192 f)
141 4129 169 4176 L.
188 4109 246 4177 bio.
261 4155 296 4164 -
311 4126 376 4179 llitt.
389 4153 422 4163 -
436 4125 451 4189 5
466 4127 518 4174 Lll.
530 4125 637 4199 Appiam
652 4126 677 4171 ll.
690 4126 744 4173 civ.
757 4126 795 4185 ll,
806 4141 829 4188 p.
845 4080 905 4183 ebal.
916 4149 951 4160 -
961 4121 1026 4173 Hira.
1039 4148 1073 4159 -
1085 4121 1144 4177 llio.
