2686 4822
91 392 1171 417 ΜΜΜΜΜΜΜΜΜΜΜΜΜΜΏἊἈὶἊ

235 603 525 695 JOANNIS
559 604 1021 696 FREINSHEMII

144 860 1124 1000 SUPPLEMENTORUM

319 1162 945 1291 LIVIANORUM

400 1446 581 1525 LIBER
618 1443 861 1525 LXXVIII

249 1679 296 1734 ttt
323 1673 479 1732 LOCUM
503 1672 627 1729 LIBRI
653 1672 773 1730 cxttt
798 1671 985 1727 Ltvtnttt.

429 1903 825 1939 -ἅορ--ι-

502 2106 748 2174 ΕΡΙΤΟΜΕ

213 2282 345 2338 ntuut
369 2279 632 2337 esurusmtt
656 2280 833 2341 uectat
860 2283 1035 2338 ruaru.

86 2423 258 2477 Confirmatis
270 2422 298 2474 in
310 2422 400 2474 Africa
412 2420 582 2492 Pompeianis
592 2420 712 2493 partibus
722 2458 730 2482 ,
739 2420 880 2492 imperium
894 2441 986 2474 earum
1001 2423 1031 2474 P.
1045 2423 1162 2493 Scipioni

123 2507 241 2559 delatum
257 2519 313 2570 est,
327 2507 443 2567 Catone,
457 2504 519 2568 cui,
538 2523 569 2557 ex
588 2523 663 2575 aequo
681 2503 851 2557 deferebatur
868 2505 1027 2577 imperium,
1041 2506 1162 2562 cedente.

121 2590 158 2642 Et
174 2610 258 2661 quum
278 2589 313 2642 de
332 2587 464 2641 diruenda
484 2589 553 2642 urbe
571 2588 651 2640 Utica
668 2599 778 2659 propter
793 2589 912 2643 favorem
928 2590 1041 2643 civitatis
1058 2593 1116 2663 ejus
1133 2591 1160 2643 iu

122 2676 251 2728 Caesarem
265 2674 467 2735 deliberaretur,
481 2671 564 2744 idque
576 2691 611 2724 ne
624 2671 699 2724 lieret
707 2707 716 2735 ,
731 2671 769 2723 Μ.
780 2672 847 2725 Cato
861 2673 1003 2736 tenuisset,
1023 2673 1091 2725 Juba
1104 2693 1163 2726 sua-

121 2759 217 2824 dente,
237 2769 267 2810 ut
288 2757 457 2820 dirueretur,
477 2758 558 2811 tutela
576 2761 634 2831 ejus
655 2768 681 2809 et
703 2757 824 2810 custodia
847 2757 974 2811 mandata
995 2771 1035 2811 est
1055 2759 1160 2812 Catoni.

121 2844 172 2896 Cn.
186 2843 330 2916 Pompeius
349 2841 441 2913 Magni
461 2841 530 2894 filius
551 2842 578 2894 in
599 2841 742 2914 Hispania,
758 2842 900 2895 contractis
914 2842 1028 2905 viribus,
1047 2862 1160 2913 quarum

121 2928 247 2982 ducatum
257 2947 308 2981 nec
315 2928 458 2990 Afranius,
470 2945 520 2979 nec
529 2926 647 2979 Petreius
661 2927 783 2998 excipere
796 2926 940 2989 volebant,
952 2926 1052 2978 bellum
1066 2925 1160 2979 adver-

121 3032 166 3065 sus
175 3014 307 3067 Caesarem
315 3011 463 3066 renovavit.
475 3010 644 3075 Pharnaces,
657 3009 819 3063 Mithridatis
828 3009 920 3073 lilius,
937 3029 984 3062 rex
997 3008 1091 3072 Ponti,
1105 3010 1162 3063 sinc

120 3094 174 3148 ulla
184 3097 247 3149 belli
262 3116 339 3151 mora
353 3097 439 3150 victus
453 3109 502 3149 est.
518 3097 609 3162 Quum
631 3094 772 3149 seditiones
789 3097 877 3148 noma
892 3113 907 3147 a
919 3094 950 3146 P.
962 3093 1100 3146 Dolabella
1112 3095 1161 3149 tri-

120 3178 192 3233 buno
200 3180 301 3251 plebis,
317 3181 403 3252 legem
416 3181 516 3235 ferente
534 3180 567 3233 de
580 3180 659 3233 novis
673 3180 771 3233 tabulis
781 3218 789 3243 ,
800 3179 918 3232 excitatas
930 3190 1030 3243 essent,
1045 3190 1071 3232 et
1084 3199 1116 3232 ex
1130 3200 1159 3232 ea

121 3281 196 3317 causa
211 3264 287 3337 plebs
299 3264 523 3328 tumultuaretur,
547 3264 662 3317 inductis
683 3283 700 3317 a
718 3265 756 3317 Μ.
768 3264 884 3317 Antonio
898 3264 1025 3335 magistro
1038 3264 1158 3336 equitum

120 3346 147 3398 in
167 3348 267 3401 Urbem
287 3347 431 3414 militibus,
449 3349 594 3419 octingenti
614 3368 629 3401 e
649 3347 727 3418 plebe
750 3348 810 3401 eaesi
829 3358 900 3400 sunt.
920 3349 1008 3400 Cesar
1025 3350 1158 3402 veteranis

120 3448 180 3483 eum
197 3432 328 3485 seditione
340 3433 493 3486 missionem
507 3432 705 3505 postulantibus
722 3431 815 3495 dedit;
836 3443 877 3497 et,
896 3451 979 3503 quum
994 3432 1022 3484 in
1041 3434 1158 3486 Africam

119 3515 281 3585 trajecisset,
299 3528 393 3570 contra
406 3519 496 3590 copias
507 3517 522 3569 J
524 3518 581 3570 ubae
591 3516 662 3587 regis
675 3535 737 3569 cum
751 3515 902 3569 discrimine
911 3536 1009 3588 magno
1020 3519 1157 3588 pugnavit.

83 3688 109 3753 I.
128 3643 291 3772 Cesar,
306 3691 468 3780 AEgyptiis
486 3690 526 3754 ad
543 3690 745 3757 deditionem
762 3691 898 3773 coactis,
910 3673 1013 3778 quum
1028 3693 1159 3778 provin·

82 3792 163 3854 ciam
180 3791 286 3855 facere
303 3810 431 3880 posset,
453 3817 613 3857 novarum
633 3795 753 3858 scilicet
769 3817 880 3857 rerum
900 3809 1008 3874 metu,
1028 3793 1055 3855 si
1072 3794 1156 3856 forte

84 3909 172 3956 nacta
187 3893 389 3959 violentioris
414 3896 536 3984 ingenii
559 3895 727 3983 praesidem
752 3896 886 3977 fuisset,
905 3895 1030 3958 noluit:
1046 3916 1158 3957 revera

82 3994 249 4078 praemium
259 3996 434 4060 libidinum
444 3998 622 4084 Cleopatrae
631 3997 732 4080 dedit,
740 3998 856 4077 juncto
866 3999 900 4061 iu
911 3996 1154 4060 matrimonium

81 4116 283 4184 regnumque
295 4100 469 4187 superstite
484 4099 678 4179 Ptolemaeo,
693 4099 749 4186 qui
762 4123 844 4186 puer
855 4096 1032 4162 admodum
1052 4097 1157 4161 utariti
