2686 4822
240 360 296 431 IN
325 364 563 432 LOC.le.
593 365 724 433 CXIII
756 366 971 458 LIVIANI.
1097 370 1141 455 45
1190 382 1197 389 ”
1248 368 1252 379 ’

64 485 209 551 «morari
225 483 349 549 diutius
364 484 480 549 iisdem
498 486 579 550 Iocis
597 487 689 550 nullo
702 502 799 574 pacto
816 487 1007 552 faciundum
1016 491 1143 571 judica.

10 570 12 581 ¹
65 603 145 653 nat,
163 585 270 678 Igitur
279 580 420 650 nurnero
437 585 580 651 militum
600 588 830 675 equitumque,
849 587 891 651 ad
909 589 978 652 haec
994 590 1141 659 locorum

10 732 13 739 ι
65 688 152 753 «situ
171 687 481 774 munitionibusque
504 687 683 777 superiori,
702 710 769 751 non
794 703 859 752 tam
876 689 1054 777 gloriosum
1073 711 1141 776 est,

10 796 12 805 '
65 788 178 879 «quod
194 790 296 853 fossas
312 788 544 853 transcendere
563 812 659 853 ausos
677 789 712 852 in
733 788 805 878 ipso
828 806 948 853 conatu
964 796 1140 881 oppressit,

10 896 13 977 Ι
65 914 185 981 nquam
199 907 297 981 turpe
311 891 460 954 futurum
477 906 563 972 erat,
582 892 609 956 si
623 908 707 955 esset
722 914 741 954 a
756 893 965 980 paucioribus
982 894 1067 959 intra
1081 919 1141 960 sua

10 990 13 1021 ¹
66 993 294 1059 amunimenta
312 1008 493 1080 superatus.

80 1116 84 1123 ·
106 1096 180 1159 XX.
198 1124 212 1150 ι
226 1096 407 1176 Caeterum,
424 1116 498 1181 quae
521 1110 602 1157 tunc
620 1094 759 1158 maxime
775 1093 971 1174 adjuverunt
989 1097 1137 1180 hostem,

10 1200 13 1245 ἱ
65 1195 148 1261 «hoc
155 1211 307 1283 tempore
322 1195 412 1258 nulla
425 1212 504 1259 sunt
515 1218 522 1258 :
534 1217 602 1258 non
612 1195 653 1258 ab
663 1194 773 1282 aliquo
783 1194 905 1259 ducum
919 1219 1068 1261 meorum
1078 1197 1137 1262 ad·
1199 1242 1203 1247 -

10 1282 12 1331 Ι
64 1297 285 1362 uministratur
298 1296 437 1379 bellum,
451 1296 509 1384 qui
524 1318 612 1359 meas
629 1297 770 1359 rationes
786 1297 967 1384 respicere,
984 1300 1081 1385 atque
1097 1321 1137 1362 eo

63 1398 223 1489 -dirigerc
235 1397 384 1463 consulta
397 1398 507 1461 omnia
521 1397 654 1478 debeat;
673 1420 746 1484 quae
762 1419 813 1460 res
831 1397 1042 1486 plerumque,
1057 1400 1137 1463 locis

63 1516 181 1589 -atqne
203 1500 408 1589 temporibus
429 1498 614 1564 difficilibus
640 1498 949 1580 intervenientibus,
978 1522 1136 1588 perquam

61 1618 129 1667 cett
144 1601 375 1667 incommoda:
390 1603 565 1691 imperator
579 1601 673 1665 robis
689 1600 797 1681 adest,
813 1615 846 1663 et
867 1601 1046 1688 imperator
1065 1604 1136 1665 Cae·

60 1727 146 1788 «sar,
160 1703 255 1786 cujus
268 1704 425 1793 promissa
442 1724 611 1790 nunquam
628 1701 812 1764 fefellerunt
828 1701 1026 1778 exercitum,
1042 1705 1134 1784 cujus

61 1828 169 1895 uspern
184 1826 356 1893 nunquam
370 1805 484 1868 fefellit
498 1802 606 1884 miles;
621 1803 732 1866 locum
746 1818 856 1865 autern
869 1825 888 1865 a
900 1802 1066 1866 Pharnace
1081 1803 1135 1867 de·

59 1908 216 1991 electum,
241 1930 311 1972 non
330 1906 433 1996 magis
451 1905 580 1969 hostilia
597 1919 716 1983 castra,
735 1926 833 1991 quarn
852 1920 962 1967 nostra
982 1905 1132 1970 munitu-

59 2030 154 2074 trnrn
167 2030 256 2090 esse,
272 2006 463 2096 propediem
478 2005 659 2070 ostendam.
677 2007 743 2069 Vos
761 2006 884 2070 interea
899 2028 1068 2095 aggerem,
1083 2030 1133 2072 ce·

57 2111 185 2177 «leniter
198 2110 274 2175 usui
289 2110 460 2192 futurum,
474 2110 559 2173 intra
575 2109 694 2172 vallum
709 2124 946 2196 comportate.»

74 2234 77 2238 ·
96 2212 189 2276 XXI.
207 2212 321 2275 Castra
339 2210 514 2275 Pharnacis
535 2232 574 2273 eo
598 2209 662 2273 situ
681 2224 790 2290 erant,
807 2227 846 2272 ut
862 2208 1040 2273 editissimo
1057 2211 1132 2274 colli

56 2313 206 2403 imposita
222 2313 392 2401 praeruptis
415 2312 552 2376 vallibus
576 2313 807 2375 munirentur:
832 2310 961 2376 casdem
981 2313 1078 2377 valles
1100 2316 1131 2377 ei

55 2415 262 2480 munimento
275 2414 396 2503 pariter
418 2415 562 2496 futuras,
580 2414 637 2502 qui
661 2413 787 2477 diversa
804 2435 823 2476 a
841 2428 932 2500 parte
948 2430 1130 2502 castraop-

54 2517 232 2605 posuisset,
250 2519 355 2582 Caesar
371 2516 506 2597 ridens,
532 2508 631 2579 dubia
648 2513 756 2577 adhuc
774 2515 848 2577 luce
862 2514 898 2576 in
921 2536 997 2577 eum
1019 2515 1127 2579 locum

53 2614 169 2682 deferri
192 2633 436 2706 comportatum
453 2639 602 2707 aggerem
623 2616 735 2698 jubet,
754 2615 866 2702 ibique
880 2630 982 2678 castra
999 2617 1129 2682 munire

52 2718 172 2808 incipit.
197 2720 246 2784 Ea
264 2742 300 2783 re
317 2733 509 2807 conspecta,
528 2718 710 2782 Pharnaces
728 2716 823 2803 (nam
843 2716 931 2780 mille
947 2715 1127 2782 admodum

51 2842 206 2909 panum
222 2820 312 2885 vallis
325 2820 512 2906 intererat),
531 2819 699 2907 productis
714 2819 837 2906 copiis,
854 2819 956 2882 aciem
974 2819 1127 2885 instruit:

51 2942 158 3010 neque
170 2937 398 2986 commovetur
412 2923 536 3002 Caesar,
549 2921 624 3008 quia
634 2920 724 2984 vallis
738 2920 941 3008 iniquissima
953 2921 1126 2985 transitum

50 3022 267 3111 impediebat,
284 3046 376 3087 ruore
399 3024 501 3111 magis
520 3022 660 3102 militiae,
685 3045 783 3109 quant
802 3020 971 3110 pugnandi
990 3023 1126 3087 consilio

50 3123 153 3189 facere
173 3146 284 3214 regem
302 3141 439 3212 putans,
464 3139 502 3186 ut
523 3145 607 3210 opus
630 3122 837 3210 prohiberet,
861 3138 919 3185 aut
940 3123 1127 3189 ostenderet

49 3220 212 3290 fiduciam.
229 3224 294 3290 Sed
305 3225 374 3307 ille,
385 3226 451 3290 sive
463 3225 525 3288 loci
540 3224 691 3288 felicitate
702 3224 861 3306 confisus,
877 3223 944 3287 sire
957 3226 1125 3313 auspiciis,

50 3340 207 3416 utpostea
222 3325 372 3391 auditum
389 3342 456 3406 est,
476 3326 542 3389 sire
559 3340 752 3414 contemptu
770 3325 960 3413 copiarum,
978 3349 1058 3413 quas
1074 3329 1123 3392 vi-

48 3444 132 3491 cetat
144 3428 251 3517 prius,
266 3445 300 3492 et
314 3427 457 3493 veterani
474 3428 525 3490 sui
543 3428 702 3491 exercitus
716 3428 857 3509 virtute,
874 3428 908 3490 in
926 3447 1122 3518 preruptam

48 3528 179 3610 vallem,
193 3552 259 3617 qua
275 3550 373 3592 nemo
385 3551 481 3592 sanus
494 3528 695 3594 demissums
713 3530 822 3616 copias
838 3529 1050 3615 credebatur,
1066 3533 1124 3597 dc·

50 3628 187 3711 scendit3
204 3652 342 3718 eamque
362 3651 574 3718 permensus,
592 3629 708 3694 eodem
728 3630 832 3718 gradu
847 3629 1046 3699 adscendere
1064 3658 1123 3723 per

48 3747 214 3819 angustam
233 3748 266 3796 et
282 3729 415 3795 arduam
433 3731 582 3794 semitam
601 3731 709 3820 coepit.

87 3831 196 3895 xxll.
211 3832 335 3912 Caesar,
349 3830 531 3896 incredibili
545 3831 648 3896 hostis
661 3831 794 3895 audacia
807 3855 997 3920 oppressus,
1011 3836 1121 3898 omnia

48 3931 141 3997 simul
157 3954 251 4022 agere
272 3954 442 3998 necessum
461 3932 619 4014 habebat;
638 3955 788 3999 revocare
809 3933 850 3997 ab
866 3957 965 4021 opere
985 3935 1119 4013 milites,

76 4138 91 4203 S
105 4144 177 4191 xxl,
197 4144 259 4190 IIirt.
274 4141 304 4189 de
320 4142 347 4188 Β.
360 4141 431 4189 Alex.
443 4156 497 4203 cap.
510 4139 550 4185 53.
