2686 4822
146 348 169 418 6
323 358 341 422 J
348 360 392 424 0.
420 355 758 424 FREINSIIEMII
788 353 1035 424 SUPPLEM.
1127 414 1130 418 ,

145 473 193 535 uti
208 491 431 555 consueverat,
449 478 594 539 insanum
609 498 671 539 esse
685 475 828 556 rebatur,
843 478 872 538 si
885 475 924 538 de
940 474 1005 538 alre
1021 475 1215 564 ullopotim,

144 574 242 662 quam
257 579 393 666 AEgypti
408 599 478 664 rege
495 579 696 662 cogitaretur.
713 575 819 641 Illum·
827 599 866 639 ea
879 589 976 640 (etate
992 598 1069 654 esse,
1093 589 1131 640 ut
1144 578 1220 640 scire

144 673 293 763 benefhie
300 682 394 766 patri
405 703 428 741 a
446 679 591 766 Pompeio
597 681 759 767 proestita,
775 693 807 741 et
817 677 991 765 intelligere
997 681 1121 766 possit5
1133 702 1220 768 prce·

144 793 230 843 terea
246 783 448 844 reverentiam
464 779 580 868 eisore
595 780 667 844 dati
677 780 719 843 ab
735 792 845 844 senatu
858 782 977 843 tutoris.
993 780 1105 867 Neque
1111 782 1219 866 pueri·

143 881 224 942 tiam
238 882 305 970 ejus
319 881 543 945 metuendam:
561 879 689 945 adultos
706 896 739 944 et
755 903 813 944 usu
829 882 916 944 tritos
933 903 977 942 ex
991 883 1146 969 proesenti
1159 880 1218 943 ko·

143 984 264 1047 minum
271 981 416 1069 fortuna
430 981 586 1069 favorem
605 997 638 1047 et
660 983 736 1047 odia
756 998 950 1071 temperare,·
973 982 1218 1048 adolescentibus

93 1111 96 1115 ’
142 1083 275 1148 honesta
283 1085 410 1174 placere
418 1134 428 1165 ,
445 1090 540 1150 etiam
557 1108 629 1149 cnm
641 1083 794 1174 periculo.

186 1187 262 1250 XII.
286 1188 356 1251 Hac
378 1188 514 1275 probata
537 1188 716 1269 sententia,
742 1189 887 1275 Cyprum
910 1184 1062 1251 tendunt.
1090 1187 1140 1250 Ibi
1159 1209 1218 1250 co·

142 1307 323 1376 gnoscunt,
340 1289 614 1356 antiochiensium
635 1290 821 1376 civiumque
841 1311 1075 1370 romanorum,
1091 1289 1148 1377 qui
1170 1289 1217 1352 ibi

129 1389 409 1477 negotiarentur,
431 1412 597 1455 consensu
613 1390 715 1454 arceri
737 1389 857 1455 finibus
880 1391 1114 1478 Pompeianos,
1132 1414 1218 1453 nun-

141 1488 193 1552 tiis
213 1493 310 1555 etiam
327 1491 468 1556 dimissis
483 1493 654 1557 inncinas
671 1492 837 1572 civitates,
856 1515 895 1555 ne
912 1494 983 1580 quis
998 1516 1042 1556 ex
1055 1515 1091 1579 ee
1104 1515 1218 1580 genere

140 1593 350 1657 Antiochiam
362 1595 494 1674 .adiret,·
514 1591 723 1682 quificisset,
741 1617 861 1682 magno
878 1597 990 1684 eapitis
999 1593 1216 1683 perr'culosa·

139 1707 273 1758 cturum.
295 1696 373 1759 Haec
388 1694 520 1759 adversa
538 1694 673 1760 demum
690 1697 895 1784 gravissimos
913 1695 996 1760 duos
1013 1718 1138 1760 errores
1156 1695 1216 1760 de·

139 1796 289 1883 plorandi
308 1820 417 1861 serum
435 1799 594 1886 Pompeio
611 1822 743 1863 sensum
760 1799 961 1862 attulerunt:
979 1820 1104 1879 unum,
1124 1796 1215 1884 quod

139 1901 256 1985 procul
280 1902 381 1983 mari,
401 1924 465 1988 qua
491 1917 584 1989 parte
611 1901 731 1964 virium
759 1900 962 1964 firmissimus
988 1899 1113 1980 fuerat,
1137 1921 1217 1962 con·

139 1997 292 2083 dixisset,
313 2001 578 2089 alterun1,quod
602 2002 712 2091 fugam
738 2002 847 2089 potius
873 1998 1066 2063 intendisset
1087 1999 1157 2062 haec
1179 1999 1214 2062 ln

139 2101 230 2184 loca,
249 2127 348 2190 quam
368 2103 409 2169 ad
436 2105 570 2167 classem
593 2126 704 2183 suam,
728 2117 761 2166 et
788 2101 987 2182 exercitum,
1010 2122 1108 2187 quem
1130 2099 1215 2164 duce

139 2205 263 2268 Getone
277 2205 342 2284 jem
360 2207 395 2269 in
415 2207 554 2270 Africam
570 2205 756 2292 pervenisse
771 2226 886 2268 rumor
902 2202 1036 2266 ferebat.

182 2308 274 2372 Xlll.
298 2307 361 2372 Sed
389 2309 558 2395 inopinato
585 2306 686 2393 praelii
714 2321 833 2368 eventu
857 2303 957 2368 semel
982 2301 1213 2390 perturbatus,

137 2429 245 2494 neque
259 2407 452 2472 confirmare
463 2408 609 2470 animum
624 2423 689 2470 tmn
704 2422 797 2469 vetus
811 2405 1005 2493 imperator,
1020 2426 1128 2490 neque
1138 2427 1216 2491 pro·

136 2509 266 2592 videre,
284 2509 364 2598 quid
384 2512 417 2573 in
439 2534 509 2574 rem
525 2526 628 2591 esset,
645 2509 711 2573 ulla
724 2531 763 2572 ex
780 2524 870 2596 parte
887 2507 1014 2595 potuit:
1029 2528 1113 2592 saepe
1133 2528 1214 2592 que·

137 2633 233 2691 rens,
256 2624 381 2676 tantum
401 2637 432 2676 se
441 2612 547 2699 fuisse
557 2611 689 2699 falsum
709 2614 873 2700 opinione,
894 2625 947 2687 ut,
972 2633 993 2671 α
1017 2630 1080 2696 quo
1100 2630 1215 2693 genere

136 2712 299 2776 Ιιοηιὺιιιυι
311 2716 482 2777 victoriam
503 2717 698 2801 speravisset,
719 2712 792 2775 mde
810 2713 870 2774 sibi
880 2725 1008 2773 enatum
1028 2707 1131 2772 cladis
1149 2711 1212 2772 r'ni-

136 2817 214 2877 tium
223 2813 340 2902 fuerit.
359 2815 464 2904 Igitur
479 2830 663 2895 contracta,
680 2829 801 2899 quanta
817 2828 963 2902 poterat,
983 2811 1141 2900 pecunia,
1158 2835 1212 2874 ar-

136 2917 296 3003 matisque
313 2916 489 2980 hominum
507 2914 638 2979 duobus
655 2914 814 2994 millibus,
832 2936 909 2978 cum
927 2936 1029 2977 uxore
1046 2914 1210 2977 triremem

135 3016 336 3081 Seleucidem
361 3018 572 3082 conscendit:
587 3016 705 3104 reliqui
723 3016 839 3103 partim
860 3016 966 3104 longis
986 3016 1141 3095 navibus,
1158 3015 1212 3077 elii

134 3120 291 3183 onerariis
319 3137 397 3184 sunt
420 3121 562 3207 sequuti.
585 3120 657 3182 Hoc
681 3116 781 3181 modo
806 3117 971 3181 Pelusium
991 3132 1209 3203 perventum,

134 3219 192 3282 ubi
208 3236 278 3283 tum
293 3245 416 3310 magne
431 3222 532 3308 copiae
548 3219 712 3286 Ptolemaei
726 3219 810 3309 regis
825 3235 933 3300 erant,
951 3218 1074 3282 bellum
1090 3240 1210 3307 geren-

134 3320 175 3384 tis
195 3344 271 3384 cum
293 3344 405 3385 sorore
427 3323 616 3410 Cleopatra,
635 3321 727 3401 cujus
747 3335 848 3384 castra
865 3343 926 3384 nec
941 3320 1039 3410 longe
1055 3319 1096 3382 ab
1112 3319 1209 3408 regiis

134 3423 277 3487 aberant.

176 3525 265 3589 XIV.
293 3525 469 3611 Pompeius
492 3524 545 3606 id,
563 3524 757 3613 quoderat,
776 3525 980 3605 conjectans,
999 3539 1125 3587 certum
1145 3523 1208 3586 ho·

133 3626 256 3691 minem
276 3626 386 3708 misit,
412 3625 551 3691 demisse
576 3644 710 3714 petens,
727 3640 762 3692 nt
783 3627 842 3690 sibi
865 3638 968 3691 tutum
990 3624 1082 3713 apud
1105 3648 1208 3712 regem

128 3726 312 3816 perfugium
328 3743 411 3792 esset.
428 3730 518 3816 lpse,
535 3728 615 3792 dum
628 3745 752 3793 tutores
769 3729 862 3817 pueri
880 3742 994 3792 coacto
1008 3726 1149 3790 concilio
1166 3725 1208 3791 de

163 3949 180 4014 s
198 3952 245 3999 xl.
260 3950 325 3999 Vell.
339 3974 374 3987 -·
387 3952 477 3998 Lucan.
495 3977 530 3986 -
548 3950 657 4015 Appisn.
672 3977 707 3987 -
727 3949 791 3998 Plut.
813 3976 848 3986 -
861 3952 889 3998 L.
906 3948 1004 4014 Ampel.
1027 3975 1063 3985 -
1080 3948 1144 3997 Ces.
1165 3975 1201 3986 —

128 4035 218 4100 sm.
232 4034 295 4083 Plut.
315 4061 349 4071 -
364 4033 689 4099 Appian.n.c1v.lih.11‚
707 4051 733 4104 p.
749 4042 809 4094 47².
828 4061 864 4070 -
882 4033 946 4081 Ces.
964 4059 999 4070 -
1016 4030 1033 4097 S
1050 4034 1121 4080 xm.
1140 4032 1207 4094 Ces,

130 4143 165 4154 —-
178 4117 244 4166 elus.
254 4144 287 4154 -
303 4118 363 4168 Dio.
474 4118 476 4122 ’
