2686 4822
197 397 241 440 20
369 354 806 440 Jo.rae1nsna‘u11
838 370 1087 437 suessan.

195 517 298 582 quum
310 492 421 559 eadem
434 492 486 557 illa
497 488 645 578 quotidie
660 489 808 552 licentius
820 488 958 572 laceret,
968 489 1014 553 ob
1026 488 1173 576 quaejam
1186 489 1267 552 olim

195 617 310 660 exosus
328 617 398 658 esse
414 608 564 681 coepcrat.

239 696 386 761 XLVIII.
403 697 518 782 Itaque
540 692 614 756 duaa
627 691 837 755 varronianae
854 691 1017 780 legiones,
1036 691 1120 756 duce
1139 690 1268 756 delecto

194 800 230 864 T.
240 798 365 863 Thorio
382 795 561 876 Italicensi,
579 814 646 857 non
660 816 679 857 a
691 794 801 857 Cassio
816 807 963 873 tantum,
981 793 1150 858 sedetiam
1166 796 1267 858 aCse·

194 922 264 963 sare
283 898 490 975 defecerunt,
508 895 654 982 Pompeii
672 894 806 958 nornine
822 894 922 960 scutis
939 896 1078 960 militum
1099 896 1267 984 inscripto.

195 1001 273 1065 Mox
289 1017 397 1064 tamen
418 998 555 1087 proiecti
572 995 779 1079 Cordubam,
796 1019 900 1085 quum
917 996 957 1060 ad
975 1020 1045 1061 eam
1063 1020 1191 1062 causam
1208 1020 1269 1060 ne-

195 1123 260 1189 que
278 1115 478 1164 conventum
502 1096 769 1181 cordubensem,
790 1119 898 1186 neque
919 1097 966 1163 M.
982 1099 1192 1181 Marcellum,
1210 1099 1269 1188 qui

195 1203 313 1267 missus
325 1223 344 1266 a
354 1201 464 1266 Cassio
476 1199 595 1263 urbem
609 1199 758 1280 tenebat,
771 1190 933 1264 adducere
946 1215 1100 1288 possent,
1115 1200 1271 1264 convenit

195 1307 282 1370 inter
299 1325 434 1381 omnes,
455 1317 510 1380 ut,
533 1299 641 1365 deleto
660 1300 807 1388 Pompeii
824 1301 974 1381 nomine,
997 1302 1130 1366 Caesaris
1153 1300 1270 1366 omnes

195 1420 319 1486 essent,
338 1403 395 1469 sed
413 1406 455 1488 Q.
472 1402 620 1467 Cassium
642 1423 806 1465 consensu
824 1418 1071 1491 oppugnarent3
1088 1418 1122 1466 et
1142 1402 1184 1466 ad
1201 1402 1272 1467 haec

196 1523 333 1596 pretore
350 1506 434 1593 (hoc
449 1504 479 1568 ei
498 1520 619 1568 nomen
636 1502 868 1590 imponebant,
887 1525 990 1590 quum
1010 1517 1095 1567 esset
1106 1503 1271 1592 quaestor)

196 1608 242 1672 M.
257 1606 410 1672 Marcello
426 1604 602 1670 AEscrnino
621 1618 804 1668 uterentur.
828 1603 887 1667 Ilis
906 1604 1063 1693 cognitis,
1083 1604 1125 1686 Q.
1140 1604 1272 1668 Cassius

197 1731 273 1773 cum
297 1707 481 1797 legionibus
506 1722 541 1772 et
560 1705 728 1794 equitatu,
750 1705 808 1794 qui
831 1705 928 1770 fidem
954 1726 1021 1770 non
1048 1722 1272 1787 mutaverant,

196 1807 386 1873 Cordubam
398 1807 520 1889 tendit,
533 1809 591 1871 ubi
607 1807 748 1872 Marcelli
762 1823 863 1872 castra
880 1825 992 1888 erant3
1014 1808 1133 1873 deinde
1147 1824 1273 1872 vastato

198 1931 276 2000 agro
298 1909 522 1991 Cordubensi,
540 1909 646 1973 Ullam
671 1931 882 1998 progressus,
907 1909 998 1997 quod
1024 1910 1183 1998 oppidum
1208 1908 1274 1974 sibi

199 2010 302 2076 lidum
322 2010 493 2090 credebat,
516 2011 557 2075 ab
581 2011 759 2098 insequuto
779 2010 933 2074 Marcello
956 2010 1110 2098 operibus
1133 2027 1166 2075 et
1187 2011 1274 2076 vallo

198 2135 275 2177 curn
293 2112 363 2200 ipsa
375 2112 447 2176 Ulla
461 2111 694 2177 circumdatur.

244 2214 361 2279 XLIX.
371 2212 437 2278 Sed
445 2231 549 2302 quum
564 2211 606 2277 ad
615 2212 773 2276 auxilium
783 2212 852 2291 ejus
864 2234 922 2274 rex
930 2211 1132 2276 Mauritaniae
1141 2210 1273 2301 llogud‚

200 2339 276 2381 cum
294 2338 361 2380 una
376 2314 505 2404 legione
520 2335 672 2395 romam,
692 2329 725 2375 et
745 2312 889 2400 hispanis
905 2312 1098 2377 cohortibus
1111 2313 1276 2397 venisset,

200 2419 302 2483 multa
318 2416 425 2506 praelia
441 2416 546 2480 lacta:
563 2430 667 2481 castra
684 2436 819 2501 quoque
834 2412 968 2493 diversis
980 2414 1127 2503 partibus
1145 2414 1276 2480 Cassius

201 2507 234 2585 et
256 2519 370 2608 Bogud
389 2518 512 2602 adorti,
537 2517 626 2582 haud
643 2518 785 2581 multum
805 2516 959 2594 abluere,
976 2517 1055 2605 quin
1079 2538 1178 2605 opera
1198 2538 1276 2604 per·

201 2638 412 2709 rumperent:
428 2644 536 2708 neque
548 2637 658 2684 tamen
672 2619 845 2709 depelliab
857 2641 957 2707 opere
971 2620 1144 2685 Marcellus
1155 2619 1276 2707 potuit.

201 2719 349 2785 Tandem
364 2721 410 2785 M.
422 2720 562 2807 Lepidus
573 2743 612 2785 ex
628 2721 779 2785 citeriore
788 2720 961 2809 Hispania,
976 2741 1074 2809 quam
1091 2720 1277 2804 obtinebat,

203 2845 280 2886 cum
306 2821 490 2910 legionariis
517 2821 709 2885 cohortibus
735 2822 867 2909 triginta
891 2822 1060 2910 quinque,
1088 2838 1279 2910 magnoque

203 2924 369 3012 equitatu,
385 2941 419 2988 et
434 2923 630 2987 auxiliorum
651 2936 791 2987 numero
811 2923 924 3006 affuit3
943 2945 980 2987 ea
1004 2940 1132 3005 mente,
1150 2937 1188 2986 ut
1205 2923 1280 2987 sine

203 3023 314 3089 studio
330 3042 362 3089 et
376 3025 423 3088 ira
437 3024 672 3089 controversias
689 3023 834 3104 ejusdem
846 3023 945 3112 partis
956 3024 1129 3088 hominum
1143 3044 1282 3113 compo-

205 3141 307 3191 neret.
333 3128 376 3190 Et
394 3125 566 3191 Marcellus
585 3125 718 3214 quidem
742 3129 812 3190 sine
837 3126 1027 3213 exceptione
1047 3126 1156 3215 paruit
1179 3114 1280 3190 adve-

204 3228 327 3309 nienti3
340 3228 471 3292 Cassius
480 3250 587 3291 moras
597 3229 748 3293 nectebat
760 3250 768 3291 :
781 3250 905 3316 eoque,
916 3244 955 3292 ut
966 3243 1117 3315 putatur,
1133 3229 1280 3311 conscio,

203 3328 266 3392 sub
283 3328 386 3393 oculis
398 3329 511 3417 Lepidi
524 3330 710 3407 castellum,
724 3329 816 3416 quod
832 3329 1003 3394 Marcellus
1017 3327 1085 3419 regi
1098 3329 1279 3412 objecerat,

203 3445 433 3520 oppugnatum
448 3446 509 3497 est.

249 3532 284 3596 L.
305 3532 391 3614 Quia
408 3547 517 3596 tamen
536 3534 684 3597 resistere
698 3548 748 3597 tot
764 3534 947 3622 legionibus
959 3534 1133 3622 nequibat,
1148 3533 1281 3598 codem·

204 3655 269 3721 que
286 3650 436 3723 tempore
454 3636 490 3698 C.
503 3631 688 3698 Trebonius
705 3637 902 3723 proconsule
918 3637 1117 3723 provinciam
1137 3651 1169 3699 et
1186 3659 1280 3700 exer-

204 3736 305 3799 citum
323 3751 517 3822 accepturus
533 3736 684 3800 veniebat
698 3735 858 3823 (namque
879 3737 991 3827 legatis
1012 3737 1175 3826 Hispaniae
1191 3736 1280 3817 inju-

204 3835 266 3899 rias
276 3834 851 3901 deferentibus'successorem'Cassio
861 3838 991 3909 miserat
1000 3839 1128 3927 Caesar),
1136 3838 1280 3903 liberum

239 4053 256 4117 ς
271 4036 389 4102 rann.
404 4054 458 4100 nv.
472 4052 538 4119 epa.
549 4053 617 4102 crs.
636 4080 670 4089 -
685 4054 749 4103 at...
765 4016 869 4105 Loro.
881 4057 944 4122 -s
965 4059 1058 4106 anx.
1071 4058 1122 4106 u..
1137 4056 1182 4105 m.
1194 4034 1283 4115 cxn',

204 4135 271 4201 apud
282 4138 399 4186 PrisoIau.
412 4137 455 4184 lib.
468 4138 512 4185 vt
524 4164 558 4173 ·-
572 4137 630 4184 Dio.
