2686 4822
230 350 270 460 {a
382 385 841 457 10.FRF,1NSHEMII
874 385 1131 453 suerrum.

222 503 437 575 resistendum
454 509 610 574 incitabat
628 511 787 571 Caesarem
804 529 917 589 causa,
934 522 1026 570 tanto
1039 506 1220 571 acrioribus
1238 508 1297 570 sti·

222 611 335 692 mulis,
352 611 429 699 quia
450 633 518 674 non
537 625 603 673 tnm
625 607 666 672 de
682 607 834 689 victoria,
854 631 954 695 quam
970 631 1031 699 pro
1050 608 1154 672 salute
1170 631 1298 697 pugna-

221 713 338 777 battet
346 713 521 793 juvabatur
536 711 652 791 classe,
665 733 731 798 qua
745 725 813 773 erat
824 710 990 774 advectus.
1008 709 1135 775 Idcirco
1151 711 1297 774 obtinuit

219 813 262 878 ad
278 830 480 893 extremum,
500 830 549 895 et,
567 813 643 900 quia
660 812 744 875 tueri
766 827 832 874 tam
853 810 960 899 parvis
979 811 1080 898 copiis
1102 812 1212 875 omnia
1235 834 1296 874 ne-

218 915 350 1002 quibat,
373 914 523 995 incendi,
549 912 710 1002 quidquid
735 927 804 976 erat
827 912 861 975 in
893 930 992 1001 portu
1014 913 1168 996 navium,
1187 913 1294 993 jussit.

219 1017 288 1078 Hac
304 1011 434 1091 flamma
444 1059 453 1094 ,
470 1036 574 1100 quum
592 1028 624 1076 et
646 1012 751 1077 vicina
775 1013 885 1101 portui
904 1009 1038 1076 oedificia
1055 1012 1295 1101 comprehensa

218 1130 344 1197 essent,
362 1115 460 1178 simul
479 1116 558 1178 arsit
579 1115 795 1196 bibliotheca,
817 1114 983 1203 elegantiae
1007 1136 1123 1204 regum
1142 1136 1296 1203 curaeque

216 1217 384 1308 egregium
402 1239 496 1305 opus.
512 1217 613 1281 Millia
634 1216 795 1280 librorum
815 1232 887 1280 tum
907 1215 1031 1305 perisse
1052 1214 1293 1305 quadringenta

173 1377 175 1381 .
215 1317 285 1399 alii,
295 1316 353 1405 qui
362 1317 557 1405 plurimum,
569 1317 774 1406 septingenta
787 1315 932 1380 tradunt.
945 1317 1075 1380 Primus
1086 1333 1119 1380 et
1133 1318 1295 1382 maximus

215 1419 286 1498 ejus
310 1419 417 1508 operis
444 1434 560 1482 auctor
587 1418 782 1483 Ptolemaeus
808 1436 1033 1507 cognomento
1060 1417 1294 1507 Philadelphus

215 1522 296 1604 fuit,
310 1544 470 1610 perquam
487 1520 636 1587 eruditus
657 1521 827 1610 princeps,
852 1535 885 1585 et
910 1519 1039 1585 erudito
1062 1536 1152 1608 patre
1175 1538 1292 1602 natus3

214 1647 282 1712 quo
304 1641 457 1706 curante,
475 1645 643 1688 sacrorum
666 1644 800 1710 quoque
817 1623 1025 1687 voluminum
1050 1622 1293 1713 interpretatio,

213 1748 288 1812 qnoe
305 1725 517 1815 Septuaginta
531 1740 685 1805 vocatur,
705 1719 838 1813 prodiit.

219 1898 223 1906 ¹
260 1825 374 1890 XLIV.
396 1826 475 1906 Ille,
497 1849 515 1889 a
536 1824 632 1890 Nileo
655 1825 798 1915 quodam
822 1841 931 1913 empta
952 1824 1168 1907 bibliotheca,
1191 1850 1291 1916 quarn

215 1926 403 1992 Aristoteles
414 1926 604 2016 collegerat,
620 1926 716 1990 simul
730 1925 769 1990 iis
783 1927 892 2003 libris,
908 1926 965 2013 qui
977 1943 1071 1990 erant
1081 1928 1142 2016 ipsi
1154 1928 1293 1993 Athenis

217 2044 249 2092 et
263 2026 372 2092 Rhodi
389 2028 583 2115 comparati,
598 2029 774 2115 Serapeum
790 2027 980 2110 adornavit;
1001 2050 1186 2118 magnoque
1204 2029 1296 2095 dein·

215 2153 292 2218 ceps
304 2129 414 2194 studio
425 2145 458 2192 et
468 2144 602 2218 sumptu
616 2152 674 2217 per
683 2131 887 2197 Demetrium
902 2129 1115 2213 Phalereum,
1129 2133 1292 2223 insignem

217 2231 333 2295 studiis
349 2247 382 2295 et
400 2230 549 2294 civilibus
568 2230 692 2294 artibus
708 2231 833 2312 virum,
851 2230 1017 2319 quidquid
1029 2233 1214 2322 investigari
1231 2258 1294 2324 po·

217 2334 300 2415 tuit,
319 2331 526 2419 conquisivit.
542 2332 606 2395 Sed
623 2331 706 2395 etin
723 2331 863 2420 posteris
883 2332 951 2412 ejus
973 2333 1107 2419 quidam
1124 2336 1218 2400 vario
1236 2335 1296 2400 do-

216 2433 330 2495 ctrinae
346 2431 546 2496 ornamentis
562 2432 775 2497 enituerunt:
789 2432 877 2497 inter
890 2452 975 2522 quos
988 2450 1021 2497 et
1030 2435 1204 2524 Erergetes
1215 2437 1294 2518 fuit,
1318 2416 1323 2427 ἱ

219 2533 395 2598 Aristarchi
411 2532 601 2622 discipulus.

263 2635 361 2699 XLV.
377 2637 538 2699 Caeterum
560 2635 726 2723 occupatis
750 2634 783 2698 in
808 2635 1044 2724 restinguendo
1065 2637 1142 2726 igne
1156 2637 1296 2703 Alexan·

219 2737 339 2818 drinis,
356 2737 478 2818 Caesar,
495 2759 554 2828 per
575 2753 707 2799 noctem
729 2734 886 2798 militibus
907 2735 948 2799 ad
965 2736 1096 2801 Pharon
1122 2739 1295 2826 expositis,

219 2840 358 2904 claustra
376 2839 548 2929 occupavit
564 2835 732 2925 praesidio,
748 2858 853 2924 quum
871 2836 1005 2901 haberet
1018 2838 1052 2901 in
1070 2839 1217 2927 partibus
1233 2863 1296 2905 cu·

219 2939 345 3024 stodes,
366 2941 423 3029 qui
439 2938 568 3004 dudum
589 2953 715 3001 eranta
734 2938 905 3026 Cleopatra
921 2939 1077 3026 corrupti.
1093 2939 1170 3003 Fuit
1185 2962 1296 3028 quon·

221 3039 295 3104 dam
310 3041 415 3104 insula
434 3040 574 3120 Pharos,
593 3038 692 3101 unius
709 3037 774 3101 diei
790 3039 996 3128 navigatione
1014 3039 1137 3104 distans
1153 3063 1173 3104 a
1189 3043 1297 3108 conti·

224 3142 331 3219 nenti,
348 3141 375 3206 si
395 3140 474 3229 qnid
496 3141 641 3204 Homero
662 3137 845 3221 credimus3
862 3138 983 3204 deinde
995 3140 1089 3223 Nilo,
1108 3156 1148 3204 ut
1159 3156 1296 3231 putent,

223 3242 339 3307 limum
351 3241 562 3320 admoliente,
575 3262 677 3329 prope
688 3240 775 3315 litori
787 3241 981 3321 conjuncta:
994 3243 1136 3307 multum
1150 3242 1299 3308 abnuen-

225 3344 329 3422 tibus,
344 3343 401 3430 qui
415 3359 522 3406 totum
541 3343 634 3406 illum
650 3358 790 3406 tractum
809 3343 891 3408 saxis
907 3366 1058 3433 asperum
1075 3367 1144 3410 esse
1162 3367 1298 3436 compe-

225 3461 349 3510 rerunt.
365 3443 405 3508 ld
420 3460 559 3525 constat,
568 3466 672 3532 quum
685 3444 784 3533 paulo
799 3446 874 3533 plus
889 3447 1064 3536 nongentis
1079 3447 1228 3537 passibus
1244 3448 1300 3512 ab·

224 3563 328 3628 esset,
346 3547 553 3635 superiorum
567 3568 683 3636 regum
698 3568 798 3634 opera
810 3546 902 3626 jactis
915 3547 949 3611 in
969 3548 1071 3611 altum
1087 3549 1249 3631 molibus,
1265 3566 1299 3613 et

212 3663 325 3738 ‘ponte
337 3650 563 3737 superposito,
574 3669 757 3712 connexum
771 3671 857 3730 esse3
873 3648 965 3735 quod
977 3672 1060 3737 opus
1071 3650 1191 3715 frustm
1203 3651 1300 3715 Cleo-

262 3828 382 3896 §mu
396 3827 462 3878 Flor.
472 3830 517 3884 IV,
531 3845 603 3876 a.-
616 3829 690 3877 Orot-
704 3856 739 3866 -
753 3829 896 3892 Agellvl,
910 3846 951 3894 ¹7·
964 3858 999 3868 -
1010 3831 1077 3897 Lipr.
1092 3831 1123 3880 de
1132 3831 1196 3879 Bibl.
1207 3848 1263 3899 rap.
1273 3849 1300 3881 a.

226 3938 261 3949 -
274 3910 410 3962 Marcellin.
423 3912 510 3961 1111.
524 3937 559 3948 -
571 3911 625 3961 nv.
639 3910 707 3976 apud
716 3911 803 3962 senec.
814 3912 845 3961 dt
854 3915 946 3977 Tranq.
957 3913 1041 3964 Anius.
1052 3931 1107 3980 etp.
1117 3932 1142 3979 9.
1156 3942 1191 3954 -·
1204 3917 1300 3968 Athen.

227 3997 287 4054 ΧΠ,
303 4011 343 4045 ro.
359 4022 395 4032 —
408 3996 435 4042 L.
445 3995 544 4059 Ampel.
562 4023 595 4032 -
613 3994 629 4060 S
647 3996 738 4044 xtlv.
747 3997 822 4045 Voss.
833 3996 865 4044 de
877 3998 942 4046 llist.
955 4000 1036 4048 Grec.
1050 4001 1078 4056 1,
1092 4015 1133 4047 ra.
1146 4027 1181 4037 ·-
1193 4001 1301 4065 loseph.

224 4080 293 4140 111,
304 4097 330 4128 a.
340 4104 376 4118 -·
388 4077 527 4128 Marcellin.
539 4077 641 4125 -vib
652 4077 741 4143 Scalig.
756 4078 783 4125 in
801 4079 890 4129 Euseb.
902 4079 995 4129 Cbrou.
1007 4096 1075 4132 num.
1090 4084 1164 4141 ¹7³4·
1176 4108 1212 4121 -·
1222 4081 1302 4132 Arist.

222 4162 291 4228 apud
303 4162 393 4212 Eunb.
408 4189 443 4200 —
455 4160 545 4212 Arbua.
560 4164 602 4223 ΙΙ,
615 4161 658 4210 28.
671 4188 706 4200 -
719 4162 781 4210 Cet.
