2686 4822
147 402 165 442 2
324 379 392 444 ro.
419 377 761 446 rnarnsnnuu
793 332 1044 447 serenans

146 498 191 561 M.
209 500 324 562 Cicero
342 499 424 579 luit,
441 499 491 562 vir
509 499 592 562 nihil
609 499 737 580 minus,
761 521 859 586 quam
882 497 923 562 ad
948 499 1031 562 bella
1056 516 1169 581 natus,
1192 517 1225 564 ct

141 600 206 679 jam
231 601 308 666 inde
334 624 353 664 a
376 600 556 689 principio,
583 601 717 664 Caesaris
739 623 891 682 causam,
915 601 1063 690 Pompeii
1088 602 1222 665 consilia

143 703 349 782 damnando,
368 703 493 766 neutris
510 702 657 789 partibus
673 703 776 783 utilis,
792 718 824 765 et
842 702 1011 766 molestior
1032 703 1151 790 quibus
1167 727 1222 766 ac·

142 819 290 868 cesserat.
307 803 376 867 Nec
396 803 484 867 enirn
506 803 690 867 abstinebat
713 803 836 867 acerbis
858 802 981 867 facetiis
1005 826 1119 868 sensus
1144 827 1221 868 suos

141 905 297 991 prodere,
314 903 429 994 habere
446 927 539 992 quem
544 901 663 994 fugiet
680 903 849 987 dictitans,
872 927 965 993 quem
985 921 1137 994 sequatur
1154 931 1220 970 non

141 1004 264 1069 habere.
285 1003 348 1069 Sed
371 1022 404 1068 et
427 1028 530 1092 quum
551 1005 592 1070 ad
616 1000 810 1095 Pompeium
831 1006 1013 1088 accederet,
1033 1007 1219 1074 dicentibus

140 1128 208 1168 sero
224 1129 294 1170 eum
315 1109 452 1186 venz'sse,
473 1105 608 1186 «Nihil,
634 1107 762 1195 inquit,
790 1123 940 1194 paratum
958 1107 1053 1172 video
1068 1141 1090 1172 ν.
1115 1111 1220 1199 Igitur

140 1231 247 1295 neque
269 1231 347 1272 usus
367 1230 407 1270 eo
424 1208 600 1296 Pompeius
621 1224 687 1289 est,
710 1223 743 1271 et
756 1207 932 1295 aliquando
947 1207 1065 1272 dixisse
1079 1209 1216 1292 dicitur,

140 1339 151 1362 «ι
165 1309 272 1397 Cupio
288 1307 329 1372 ad
346 1308 455 1372 hostes
470 1325 612 1373 transeat
628 1310 752 1391 Cicero,
769 1325 808 1372 ut
826 1333 887 1373 nos
904 1311 1049 1374 timcatn.
1156 1323 1157 1327 ’

183 1412 226 1474 ll.
241 1411 318 1492 Quo
335 1410 478 1491 facilius,
493 1433 597 1498 quum
612 1433 630 1473 a
647 1409 852 1498 Dyrrhachio
865 1411 1040 1499 Pompeius
1054 1429 1217 1494 moveret,

137 1513 191 1575 hie
210 1528 244 1576 et
266 1512 397 1575 relictus
419 1527 484 1592 est,
508 1527 540 1575 et
556 1512 693 1592 mansit,
714 1512 894 1600 praescrtim
911 1536 1014 1600 quum
1032 1514 1219 1578 accessisset

137 1613 284 1700 corporis
301 1611 483 1675 infirmitas.
497 1611 561 1676 Sed
575 1629 751 1699 postquam
770 1636 809 1676 ex
825 1614 936 1700 praelio
955 1614 1141 1678 Pharsalico
1158 1618 1218 1680 La·

136 1714 253 1778 bienus
276 1714 519 1804 Dyrrhachium
541 1715 678 1803 refugit,
703 1715 944 1803 consiliumque
964 1717 1091 1780 vocavit
1115 1705 1215 1798 Cato;

135 1817 269 1882 ‹liversae
288 1815 500 1905 praesentium
520 1815 689 1879 sententiae
708 1817 853 1881 luerunt.
873 1816 986 1880 Multis
1012 1817 1121 1881 adhuc
1143 1818 1214 1881 bel-

135 1920 205 1983 lum
222 1919 386 2009 placebat,
407 1917 483 2004 quia
500 1917 666 1980 Labienus
678 1940 754 1981 vera
770 1916 856 1980 falsis
876 1917 1061 2000 miscendo,
1081 1919 1215 1982 Caesaris

134 2023 221 2110 gravi
245 2022 380 2085 vulnere
411 2021 578 2082 fortunam
600 2019 741 2106 partium
767 2034 927 2106 aequatam
951 2019 1068 2132 fuisse,
1092 2018 1213 2083 conlin-

134 2139 246 2186 marat
264 2123 307 2186 Et
323 2119 606 2208 conquirebantur
626 2121 687 2183 alia
708 2118 859 2183 inllandis
883 2120 1019 2183 animis:
1044 2142 1213 2207 superesse

112 2215 116 2231 ’
133 2239 268 2311 septem
265 2222 469 2332 aquilas,··
436 2221 566 2283 Nonius
581 2219 729 2284 dicebat·
720 2220 919 2309 ,Pompeio
913 2221 1082 2285 victoriam
1100 2223 1212 2287 deberi

133 2314 462 2437 labienus3lpescio.
446 2311 808 2424 .qu01uiri„huminum
827 2322 976 2387 oraculis.
1001 2323 1059 2387 His
1079 2347 1213 2440 quoque

133 2428 219 2493 dicta
242 2411 412 2521 reposuit
395 2408 545 2490 Cicero:
547 2394 695 2506 Noriib,
714 2439 795 2489 reete
812 2447 884 2488 eum
903 2421 1077 2512 corfidere,
1103 2428 1133 2486 si
1144 2449 1211 2542 pu·

128 2528 298 2615 garandiam
313 2530 353 2591 sit
360 2524 444 2633 dq‘m
421 2501 621 2638 3φᾷἑαῖὲὲ
636 2527 796 2609 Labieno,
815 2526 875 2591 hoc
895 2540 1123 2614 stratagemate
1132 2552 1210 2618 Jam

56 2660 64 2667 ·
131 2631 248 2691 amissa
261 2614 502 2711 curtraci-esses,
531 2692 555 2715 .-

176 2730 234 2792 lll.
254 2718 488 2813 Cato'nihae
483 2723 594 2801 aemio
618 2731 779 2809 sententia
786 2729 943 2810 sederat,
968 2745 1006 2792 ut
1013 2728 1208 2817 ,siquidem

130 2831 308 2918 Pompeius
328 2797 513 2893 cecidisset
507 2817 760 2946 ,transportatis
777 2831 810 2893 in
828 2831 972 2912 ltaliam,
992 2854 1075 2919 quos
1096 2854 1208 2896 secum

132 2932 288 3014 habebat,
307 2932 486 3020 patriaeque
503 2931 680 3013 restitutis,
704 2933 773 3020 ipse
789 2933 973 2996 exsulatum
989 2933 1208 3021 proficiscere-

131 3053 186 3100 tur
208 3034 373 3123 quolibet3
398 3035 567 3121 superanti
587 3051 696 3098 autem
717 3035 825 3123 copias
845 3032 887 3097 ab
904 3056 944 3098 co
960 3051 1107 3122 acceptas
1130 3057 1206 3100 cum

132 3137 195 3201 lide
219 3153 370 3201 servaret.
395 3138 467 3200 Hoc
488 3137 598 3200 animo
620 3136 780 3225 navigavit
801 3138 994 3225 Corcyram,
1020 3137 1077 3199 ubi
1099 3137 1206 3202 classis

131 3240 245 3303 stabat.
269 3239 346 3302 Erat
367 3238 503 3301 omnino
525 3238 611 3326 fugae
634 3238 747 3301 similis
770 3239 948 3325 profectio:
967 3239 1068 3328 igitur
1084 3256 1115 3302 et
1135 3241 1205 3303 fru-

132 3357 279 3410 mentum
302 3363 341 3403 ex
358 3341 484 3403 horreis
505 3357 634 3428 raptum
654 3341 721 3404 vias
741 3341 1000 3430 angiportusque
1018 3357 1205 3405 constrave-

132 3462 199 3526 rat3
217 3461 249 3507 et
265 3443 342 3531 quia
359 3465 425 3505 non
444 3441 544 3505 modo
559 3442 624 3521 jam
642 3441 765 3522 hostis,
784 3440 842 3506 sed
861 3464 926 3505 suae
948 3464 1082 3528 quoque
1104 3443 1205 3530 copiae

133 3546 246 3610 terrori
264 3543 470 3631 Pompeianis
490 3559 600 3624 erant,
623 3543 734 3607 subito
754 3558 846 3605 metu
864 3541 1027 3629 perterriti
1044 3564 1203 3605 conscen-

130 3649 250 3713 derunt
273 3668 380 3711 naves.
405 3645 474 3709 Nec
490 3643 630 3722 injustus
646 3645 699 3707 ille
717 3643 816 3707 timor
831 3642 914 3706 fuit:
943 3665 1018 3705 narn
1038 3658 1139 3706 noctu
1161 3642 1203 3705 ad

165 3891 182 3957 s
198 3895 219 3939 1.
240 3892 272 3939 U.
293 3891 322 3938 C.
340 3897 404 3950 7043
423 3890 455 3936 A.
469 3889 498 3936 C.
514 3890 556 3944 48.
575 3915 609 3924 -
628 3889 682 3935 le.
695 3888 762 3952 Epit.
784 3915 819 3924 -
842 3888 896 3936 Cle.
909 3887 971 3934 Phil.
981 3890 1018 3946 ll,
1036 3888 1078 3944 153
1093 3888 1159 3940 idem
1172 3888 1205 3935 ad

128 3977 281 4034 Attievltl,
297 3987 325 4034 73
335 3976 390 4031 XI,
407 3981 432 4028 l·
445 3999 480 4008 —
501 3971 614 4020 Macrob.
626 3971 749 4020 saturnal.
762 3974 800 4025 ΙΙ.
813 3972 837 4020 3.
856 3999 891 4007 —
905 3971 969 4020 Plut.
984 3972 1010 4020 in
1024 3975 1077 4020 Cat.
1090 3989 1145 4036 cap.
1162 3972 1205 4027 54.

128 4087 162 4103 „-
176 4058 193 4124 s
206 4060 240 4107 ΙΙ.
254 4056 366 4105 Macrob.
384 4082 419 4091 -
432 4055 484 4103 Cic.
496 4055 528 4102 ad
541 4056 617 4103 attic.
631 4057 683 4111 x1,
694 4064 727 4111 4;
744 4056 775 4103 ad
789 4055 872 4104 Famil.
886 4057 938 4112 xl,
952 4065 981 4114 43
995 4055 1060 4104 idem
1075 4055 1107 4102 dc
1120 4056 1205 4103 Diria.

127 4143 154 4198 l,
171 4143 211 4189 32.
230 4169 265 4177 —
283 4140 346 4198 Dio,
359 4138 402 4188 lib.
414 4139 495 4187 xm.
506 4166 539 4177 -
552 4143 637 4187 Front.
650 4141 724 4187 Strat.
738 4142 778 4195 11,
795 4157 818 4200 7.
831 4167 864 4176 -
880 4139 945 4186 Plut.
