2686 4822
153 384 192 428 la
326 361 393 431 Jo.
421 362 764 432 rnsrusuauu
794 333 1040 434 s'urrnau.

147 481 294 546 condidit
305 481 501 562 Nemeseos,
518 504 590 569 quae
606 480 668 548 sub
683 485 823 565 Trajano
839 485 973 552 demum
990 487 1099 554 diruta
1114 506 1164 553 est
1177 491 1219 554 ab

145 585 265 649 Iudaeis
280 584 523 650 rebellantibus.

190 686 328 750 XXVII.
354 687 445 750 Inter
465 685 537 749 haec
561 688 715 775 appulsus
736 686 964 753 Alexandriam
986 691 1099 772 Caesar,
1117 714 1220 778 quum

146 788 220 852 aravi
243 788 387 875 primum
414 786 642 877 egrederetur,
665 811 784 878 magno
807 789 954 854 tumultu
975 806 1130 878 exceptus
1153 807 1221 874 est,

146 905 363 953 concurrente
373 889 489 972 milite,
502 912 602 976 quem
613 889 763 979 presidio
772 891 864 955 urbis
878 892 1072 956 Ptolemaeus
1083 892 1223 981 relique·

146 1005 214 1072 rat,
241 1005 273 1053 et
300 990 462 1054 fremente
485 991 603 1081 vulgo,
635 993 689 1056 cui
713 993 921 1081 praeferendis
942 995 1061 1058 Caesari
1079 994 1222 1060 fascibus

145 1092 299 1156 imminui
318 1093 466 1172 majestas
488 1095 576 1182 regia
596 1093 778 1160 videbatur.
803 1094 910 1184 Igitur
924 1095 993 1185 ipse
1010 1097 1171 1160 concessit
1186 1096 1222 1160 in

145 1195 288 1282 regiam3
305 1216 379 1281 pars
398 1195 556 1277 militum,
575 1195 666 1283 quod
687 1197 845 1261 exarmari
864 1198 1128 1263 commilitonum
1142 1219 1222 1263 suo·

147 1318 222 1360 rum
242 1297 420 1360 nonnullos
442 1295 607 1381 viderant,
630 1297 665 1360 in
690 1299 794 1364 altum
820 1321 854 1364 se
877 1316 1093 1389 receperunt,
1115 1299 1223 1364 donee

145 1421 261 1464 omnes
280 1399 379 1464 simul
394 1422 492 1465 naves
506 1400 713 1488 applicarent.

189 1503 346 1567 XXVIII.
368 1502 444 1567 Non
476 1501 606 1565 fallebat
628 1503 805 1575 Caesarem,
832 1516 957 1589 quanto
986 1521 1047 1564 suo
1076 1499 1223 1591 periculo

146 1605 232 1668 inter
253 1603 374 1668 infidos
396 1619 429 1668 et
449 1603 573 1668 rabdos
589 1605 623 1666 in
640 1603 888 1691 populosissima
905 1602 988 1667 urbe
1004 1623 1224 1667 commorare·

144 1723 218 1789 tur,
233 1703 431 1793 ridebatque
444 1705 528 1794 regis
546 1721 580 1769 et
593 1720 786 1769 caeterorum
798 1726 874 1794 erga
885 1727 920 1769 se
934 1726 1002 1767 non
1017 1704 1111 1768 aliam
1123 1702 1224 1768 fidem

142 1808 233 1888 fore,
253 1827 352 1894 quam
375 1806 411 1869 in
435 1806 630 1894 Pompeium
652 1806 767 1870 fuisset
788 1828 795 1870 :
815 1805 871 1871 sed
894 1806 1010 1870 Etesiis
1029 1805 1224 1888 tenebatur,

128 1908 202 1995 'qui
219 1924 298 1971 sunt
318 1906 511 1972 Alexandria
528 1908 755 1997 navigantibus
776 1907 995 1972 adversissimi
1012 1907 1111 1971 venti.
1134 1908 1224 1996 Ergo

144 2008 381 2075 dissimulando
396 2008 524 2086 animo,
539 2006 647 2073 donec
662 2009 746 2074 vires
760 2008 982 2089 contraheret,
997 2007 1119 2093 templa
1134 2023 1226 2071 (rete-

146 2134 248 2199 raque
271 2110 448 2175 celebriora
472 2110 564 2173 urbis
583 2110 717 2174 aedificia
740 2110 917 2192 lustrabat,
935 2108 1154 2196 audiebatque
1174 2130 1224 2172 sa·

147 2213 278 2301 pientiae
289 2212 490 2299 professores
504 2226 593 2275 stans
606 2227 639 2274 et
652 2213 776 2300 populo
785 2212 969 2294 immixtus3
980 2210 1116 2298 aliisque
1127 2209 1225 2274 rebus

148 2315 303 2381 omnibus
326 2331 457 2402 captum
474 2336 509 2377 se
531 2312 778 2401 pulchritudine
793 2315 943 2378 locorum
960 2329 994 2377 et
1009 2310 1225 2377 alexandrine

147 2417 221 2480 vitae
242 2415 448 2479 aemulatione
471 2415 679 2480 testabatur:
704 2414 794 2479 unde
818 2415 863 2479 illi
891 2415 973 2479 mira
998 2414 1098 2504 vulgo
1122 2414 1225 2503 gloria

147 2534 246 2605 atque
269 2516 371 2605 gratia
389 2516 522 2603 quaesita
543 2531 612 2599 est,
635 2518 814 2605 prasertim
839 2539 944 2604 quum
966 2516 1064 2599 etiam
1087 2516 1225 2579 comiter

149 2617 341 2706 excipiendo
369 2619 515 2707 singulos
537 2619 761 2685 licentioribus
788 2618 944 2683 conviviis
967 2616 1098 2704 penitus
1118 2617 1224 2682 laxare

148 2721 295 2785 animum
309 2718 492 2802 videretur3
503 2721 569 2800 jam
583 2720 824 2808 propemodum
839 2719 955 2784 effecta
966 2717 1223 2801 consuetudine,

148 2840 187 2888 ut
204 2838 410 2910 pernoctaret
429 2822 517 2885 inter
532 2823 660 2910 epulas,
685 2820 777 2910 quod
792 2822 845 2884 ille
864 2818 1069 2884 vitandarum
1089 2819 1223 2885 insidia·

54 2963 57 2975 ·
149 2947 223 2987 rum
241 2945 337 2987 causa
353 2923 549 3012 usurpabat,
575 2946 656 3011 quas
676 2923 739 2987 sibi
749 2921 915 2987 ¹sentiebat
931 2947 950 2987 a
970 2921 1113 2985 Pothino
1129 2923 1223 2988 strui.

192 3026 317 3092 XXIX.
338 3025 407 3090 Nec
432 3025 520 3089 enim
542 3024 583 3087 ab
608 3025 673 3088 hoc
696 3023 1005 3112 praetermittebatur
1025 3021 1223 3110 quidquam,

150 3124 241 3214 quod
255 3124 296 3190 ad
319 3124 475 3189 invidiam
499 3126 649 3207 Caesaris,
671 3140 703 3189 et
726 3124 963 3213 exasperandos
980 3124 1013 3187 in
1033 3146 1109 3188 eum
1125 3147 1225 3213 quos·

148 3231 229 3294 libet
245 3229 438 3319 pertinebat.
458 3230 599 3293 Pecunia
612 3230 750 3293 maxime
761 3228 871 3293 deerat
885 3227 1001 3292 Caesari
1015 3250 1022 3290 :
1036 3250 1113 3316 ergo
1126 3227 1222 3291 etiam

147 3334 256 3400 Asiam
273 3350 543 3422 pretereuntem,
559 3355 663 3419 quum
682 3332 796 3395 fuisset
811 3332 845 3395 in
862 3331 1017 3395 omuibus
1033 3330 1173 3394 liberalis
1192 3346 1225 3395 et

148 3436 308 3517 clemens,
325 3433 524 3523 stipendium
543 3450 651 3498 tamen
670 3434 904 3523 imperaverat;
927 3449 960 3497 et
975 3456 1066 3496 nunc
1083 3433 1224 3496 Alexan·

148 3538 225 3603 driae
242 3556 396 3604 mutuum
415 3536 614 3626 reposcebat.
629 3537 713 3602 Nam
730 3537 855 3601 Auletae
871 3535 1048 3598 Ptolemaeo
1065 3532 1224 3623 grandem

149 3663 310 3704 stammam
322 3662 496 3727 expensam
508 3637 648 3721 ferebat,
661 3660 758 3726 supra
770 3636 1002 3725 septingenties
1014 3636 1201 3700 sestertium
1214 3658 1223 3703 ι

182 3823 307 3888 §XXVI
320 3822 375 3871 Lir.
385 3821 452 3886 Epit.
468 3847 504 3859 -
517 3821 578 3869 Dio.
587 3819 684 3866 -Val
693 3820 762 3867 Max.
776 3820 809 3878 V,
829 3835 851 3865 ι.
872 3845 907 3856 -—
920 3819 1012 3865 Lucan.
1027 3843 1064 3853 -
1077 3818 1179 3864 Sueten.
1195 3817 1224 3864 iu

149 3910 212 3958 Caes.
221 3923 276 3971 cap.
288 3906 336 3964 30,
349 3914 382 3965 74
391 3916 417 3953 et
431 3905 472 3965 75.
483 3932 518 3942 -
528 3904 545 3969 §
557 3905 668 3951 xxvtr.
678 3902 735 3950 vat.
750 3904 818 3951 Max.
829 3929 864 3940 -
874 3902 933 3950 Dio.
946 3928 980 3938 -
991 3901 1100 3966 Appian.
1111 3928 1147 3936 —
1158 3902 1222 3950 ces.

148 4019 183 4028 -
197 3991 249 4040 Lis.
261 3989 328 4055 Epit.
339 4015 374 4026 —
388 3990 477 4036 Lucan.
491 3992 531 4049 ll,
545 4004 584 4037 ro.
601 4015 636 4025 --
651 3990 725 4036 Oros.
738 3989 789 4046 Vl,
804 3986 846 4034 15.
865 4013 900 4023 -
916 3983 1069 4050 §mnu
1081 3986 1184 4032 Sueten.
1196 3984 1224 4032 in

150 4076 212 4123 Coes.
226 4091 282 4140 cap.
297 4075 339 4122 35.
354 4100 389 4110 -
406 4074 469 4124 Flor.
480 4075 526 4130 tr,
542 4089 566 4121 a.
582 4101 617 4111 -
629 4071 694 4121 Vell.
708 4074 747 4132 ΙΙ,
763 4071 805 4128 54.
823 4098 858 4110 -
875 4071 938 4121 Cres.
958 4097 992 4110 -·
1008 4069 1066 4118 Dio.
1085 4095 1120 4107 -·
1136 4070 1224 4121 Erum.

150 4161 222 4211 strat.
234 4161 259 4223 l,
275 4175 296 4208 r.
306 4186 341 4196 -
355 4157 419 4209 Plut.
