2686 4822
23 363 29 378 ,
136 313 158 382 s
311 296 1029 381 terruiuslinnlrsurrnun.

134 432 375 497 exaudirentur.
393 432 531 519 Jamque
544 448 576 496 et
592 432 737 496 triremes
750 432 1018 519 complebantur,
1029 454 1102 521 quae
1114 449 1209 497 crete·

133 557 185 598 ras
208 557 341 622 quoque
368 533 516 621 Pompeii
544 557 641 599 nares
667 533 1008 622 comprehenderent:
1034 532 1092 598 sed
1117 534 1207 618 illas,

133 657 272 725 propere
291 636 391 700 vulsis
408 635 634 717 ancoralibus,
651 636 761 700 favens
783 659 802 699 a
824 652 908 701 terra
924 651 1042 700 ventus
1061 637 1207 724 Cyprum

132 739 265 820 retulit,
288 737 433 827 AEgyptii
452 761 470 800 a
494 762 578 802 vano
595 736 813 826 persequendi
833 738 966 826 incepto
989 737 1207 804 destiterunt:

130 861 205 926 pars
217 855 326 903 tamen
345 839 476 902 navium
493 855 586 928 capta
597 838 802 927 direptaque,
819 856 851 903 et
864 839 898 902 in
910 839 961 904 his
977 841 1017 925 Q
1031 839 1209 929 Pompeius

132 942 172 1004 A.
186 940 223 1003 F.
238 938 428 1025 Bithynicus
443 939 580 1004 occisus.

176 1041 283 1104 XVII.
305 1039 358 1103 Sic
374 1041 513 1128 Magnus
534 1040 588 1104 ille
606 1040 798 1130 Pompeius,
814 1040 849 1103 in
866 1057 1044 1128 conspectu
1060 1042 1210 1131 conjugis

131 1142 379 1228 liberorumque
402 1165 521 1223 caesus,
542 1142 628 1206 inter
643 1142 871 1207 imbellicitatis
887 1144 1040 1208 humanae
1060 1144 1211 1209 illustris-

130 1243 213 1307 sima
232 1241 429 1307 documenta
448 1259 659 1310 memoratur.
675 1246 789 1327 Quum
807 1266 875 1307 non
891 1245 1005 1309 Rome
1018 1243 1136 1327 modo,
1151 1244 1209 1309 sed

131 1343 240 1408 ubivis
265 1345 367 1409 ferme
391 1362 571 1428 terrarum,
591 1361 751 1434 perpetuo
777 1361 891 1409 tenore
909 1344 1069 1435 felicitans
1087 1346 1210 1433 princi-

129 1466 208 1532 pem
221 1445 332 1508 locum
348 1444 530 1510 diutissime
546 1446 722 1531 tenuisset3
746 1468 786 1509 eo
800 1445 873 1533 ipso
890 1461 1054 1535 tempore,
1072 1469 1140 1535 quo
1157 1447 1210 1512 vel

130 1547 272 1611 maxime
291 1545 406 1613 llorere
424 1546 558 1612 fortuna
577 1563 610 1612 et
622 1546 769 1636 potentia
787 1544 977 1630 videbatur,
995 1570 1138 1637 praeceps
1155 1571 1212 1613 su·

130 1647 202 1711 bito
218 1647 330 1731 datus,
346 1647 451 1737 pridie
468 1649 608 1713 natalem
622 1670 738 1731 suum,
755 1645 891 1735 quodie
908 1648 987 1712 olim
1004 1663 1070 1713 tem
1087 1648 1210 1738 dispari

130 1765 234 1829 sorte,
244 1748 286 1813 de
294 1749 486 1814 Mithridate
498 1766 531 1815 et
539 1751 650 1840 piratis
660 1750 876 1815 clarissImum
885 1750 1092 1839 triumphum
1103 1750 1208 1819 duxe-

130 1866 197 1932 rat,
215 1851 343 1915 clientis
359 1851 412 1915 sui
431 1852 589 1940 supplex,
606 1850 806 1917 famulorum
825 1850 894 1949 ejus
909 1850 1064 1917 manibus
1082 1852 1210 1918 invenit

130 1974 256 2018 necem.
285 1953 370 2020 Cura
395 1968 504 2016 tamen
525 1951 646 2018 decore
669 1951 808 2018 cadendi
825 1953 923 2018 etiam
950 1954 1105 2018 morienti
1131 1955 1209 2020 tuit:

130 2070 207 2143 toga
219 2055 317 2142 capiti
333 2053 496 2132 obducta,
513 2077 555 2117 ne
570 2055 642 2142 quis
657 2070 767 2145 gestus
783 2054 908 2137 notari,
925 2070 982 2119 aut
996 2077 1060 2119 vox
1075 2054 1210 2144 indigna

128 2156 240 2244 priore
251 2157 412 2244 Pompeio
430 2156 536 2243 excipi
553 2172 681 2244 posset,
698 2155 822 2247 gemitu
838 2169 964 2219 tantum
982 2154 1072 2221 edito
1084 2157 1210 2246 excepit

131 2280 235 2321 enses.

175 2361 298 2425 XVIII.
328 2363 434 2449 Caput
459 2360 500 2425 ad
524 2382 633 2449 regem
665 2360 804 2424 relatum
826 2377 893 2442 est,
917 2361 1100 2449 siccataque
1133 2377 1209 2427 cute

131 2457 302 2524 conditum
321 2462 462 2550 aegyptio
480 2483 583 2526 more.
608 2462 761 2526 Truncus
779 2463 993 2550 contemptim
1009 2462 1154 2543 abjectus
1172 2463 1208 2526 in

130 2561 243 2636 litore,
255 2586 273 2624 u
287 2563 439 2652 Philippo
453 2563 572 2627 liberto
584 2578 765 2650 utcumque
776 2581 938 2628 crematus
955 2554 1123 2627 conscissae
1139 2587 1209 2628 sca·

130 2660 205 2748 phae
220 2660 333 2750 ligula,
349 2664 562 2751 sepultusque
578 2680 647 2744 est3
662 2687 766 2751 quum
783 2663 824 2728 ad
841 2663 929 2728 idem
945 2662 1108 2747 officium,
1127 2664 1209 2730 alius

131 2764 229 2827 etiam
247 2764 326 2827 civis
345 2788 501 2829 romanus
520 2767 604 2829 forte
623 2764 868 2831 accucurrisset.
895 2766 1076 2830 Tumulum
1095 2783 1209 2854 postea

131 2862 250 2930 fluctus
268 2865 383 2928 marini
403 2865 618 2948 disjecerunt3
642 2881 675 2928 et
690 2866 864 2955 imagines,
880 2889 960 2954 quas
980 2868 1209 2954 proximorum

131 2981 319 3053 temporum
328 2966 499 3032 admiratio
511 2981 683 3056 posuerat,
695 2967 903 3055 sequentium
915 2968 1111 3057 negligentia
1124 2971 1209 3035 male

130 3065 255 3131 habitas
280 3069 314 3130 in
338 3068 421 3133 Casii
447 3069 535 3132 Iovis
561 3067 629 3131 tede
645 3069 779 3132 retrusit
800 3068 835 3132 iu
861 3070 994 3151 cellam,
1014 3070 1073 3134 ubi
1097 3087 1208 3138 vetera

131 3183 345 3257 truncataque
362 3171 452 3258 signa
463 3169 707 3257 reponebantur
718 3169 875 3259 (faeritas
888 3172 1000 3234 Romae
1012 3171 1207 3259 vocabant),

132 3266 238 3332 donec
261 3269 444 3334 Hadrianus
468 3272 591 3351 Caesar,
607 3271 781 3360 imperium
794 3266 908 3334 *totum
927 3271 1075 3360 undique
1096 3274 1207 3360 perlu-

131 3385 252 3454 strans,
270 3393 374 3457 quum
392 3371 425 3434 in
446 3370 626 3461 AEgyptum
644 3372 802 3454 venisset,
821 3388 854 3436 et
871 3372 993 3463 efligies
1013 3375 1133 3462 reperit
1151 3399 1207 3439 or-

131 3471 302 3558 navitque,
316 3489 349 3537 ct
361 3474 527 3536 tumulum
543 3473 738 3560 inquisitum
750 3471 838 3538 refici
852 3474 1087 3564 repurgarique
1097 3474 1204 3554 jussit.

175 3574 267 3638 XIX.
290 3574 353 3638 Vix
371 3576 475 3639 relatu
499 3574 653 3665 dignum,
676 3592 787 3640 tamen
806 3574 847 3639 ad
865 3575 1007 3665 ineptam
1031 3577 1205 3641 hominum

129 3674 305 3739 cavendam
329 3675 582 3741 sollicitudinem
599 3700 668 3763 non
692 3676 808 3741 inutile
825 3675 961 3741 tradunt
981 3694 1149 3759 auctores,
1167 3700 1206 3742 ex

164 3910 181 3975 s
193 3907 265 3960 XVI.
280 3910 343 3959 Plut.
356 3938 392 3947 -
403 3913 513 3977 AppInn.
526 3946 559 3957 -.
572 3912 625 3961 niv.
638 3913 748 3978 Epit-
757 3913 816 3961 Dio.
829 3937 865 3949 —-
875 3914 948 3960 Oros.
961 3939 996 3948 -
1011 3911 1027 3977 S
1040 3913 1124 3963 XVII.
1136 3911 1205 3960 Flor.

127 3981 255 4054 1v‚2.-
267 3994 321 4046 Cic.
336 3994 368 4045 ad
381 3995 466 4043 Famil.
477 3998 526 4056 III,
539 4011 579 4045 11.
587 4022 622 4033 -
630 3997 689 4044 DIo.
701 3995 801 4044 -velt
810 3997 849 4054 11,
860 3995 902 4044 53.
914 4022 948 4032 -
960 3995 1024 4044 Plut
1035 4022 1069 4033 —
1079 3993 1096 4061 S
1108 3994 1205 4044 XVIII.

128 4077 183 4127 Vul.
194 4079 261 4128 Μαι.
276 4082 302 4140 1,
318 4082 343 4130 8.
357 4105 392 4118 -
404 4079 469 4134 I’lut.
482 4107 517 4119 -
526 4079 636 4154 Appium
644 4105 681 4123 --
692 4077 773 4151 duell.
783 4080 822 4142 11,
835 4093 875 4129 ιο.
885 4105 921 4118 -
929 4080 1023 4130 Lucan.
