2686 4822
191 347 238 418 38
367 350 436 416 JO.
464 350 808 419 FREINSHEMII
840 348 1088 417 SUPPLEM.

191 472 340 560 regisque
363 472 548 557 sustineret,
568 495 711 555 nomen,
729 495 828 560 opere
851 471 1069 559 potentiaque¹
1092 469 1209 532 Caesari
1238 486 1272 533 et

191 571 368 658 Cleopatrae
392 572 529 636 relicta:
554 571 637 636 adeo
663 596 730 636 non
756 571 980 636 dissimulatus
1005 569 1151 652 adulter,
1177 586 1215 633 ut
1239 588 1272 636 et

191 673 349 736 continuo
366 695 476 736 secum
495 672 630 738 haberet
650 674 812 765 reginam,
831 688 863 737 et
882 672 1031 737 convivia
1047 695 1130 760 saepe
1149 673 1182 735 in
1201 673 1271 760 pri-

192 796 278 835 mam
296 774 403 836 lucem
424 796 500 836 cum
522 797 559 838 ea
581 776 803 864 protraheret3
821 774 965 862 denique
980 797 1040 862 per
1056 775 1198 863 speciem
1219 796 1274 837 co-

192 874 386 965 gnoscendae
403 875 622 963 antiquitatis,
641 876 754 941 eadem
770 877 967 962 thalamego,
985 874 1198 962 sequentibus
1213 896 1273 937 na-

192 975 287 1038 vibus
304 975 567 1065 quadringentis,
581 977 659 1042 Nilo
676 976 811 1041 flumine
828 976 943 1058 subiit,
957 978 1008 1041 vel
1020 976 1273 1065 adAEthiopiam

193 1093 434 1163 penetraturus,
453 1078 488 1141 ni
503 1079 595 1166 sequi
613 1079 772 1143 exercitus
790 1093 979 1142 recusasset.
999 1088 1004 1094 '

240 1181 282 1242 11.
302 1180 518 1270 Thalamegos
536 1181 688 1270 princeps
709 1180 835 1245 invenit
854 1179 1048 1243 Ptolemaeus
1065 1178 1272 1266 Philopator,

198 1302 235 1342 ea
253 1294 434 1362 structura,
455 1304 554 1369 quam
575 1298 724 1345 accurata
743 1281 962 1369 descriptione
978 1281 1161 1345 Callixenus
1178 1304 1273 1345 exse-

193 1395 317 1466 quutus
331 1395 389 1444 est.
406 1380 522 1469 Neque
534 1382 714 1464 dubitatur,
728 1399 785 1446 aut
798 1383 923 1446 diutius
937 1380 1102 1446 haesurum
1118 1382 1152 1444 in
1168 1382 1273 1472 AEgy·

194 1497 251 1569 pto
266 1483 438 1563 Caesarem,
456 1500 513 1547 aut
529 1506 640 1547 secum
657 1483 877 1548 deducturum
898 1482 986 1546 illam
1003 1484 1119 1563 fuisse,
1136 1483 1199 1546 nisi
1217 1484 1271 1546 in·

193 1583 383 1645 tervenisset
396 1583 568 1647 coercendi
586 1584 761 1648 Pharnacis
779 1585 971 1649 necessitas:
989 1583 1111 1648 idcirco
1129 1583 1272 1648 abducta

194 1706 233 1746 ex
253 1706 355 1772 regno
377 1686 532 1768 Arsinoe,
556 1708 598 1750 ne
620 1687 755 1750 molesta
773 1688 878 1751 sorori
902 1701 1002 1767 esset,
1026 1686 1169 1775 legiones
1189 1685 1273 1750 duas

194 1784 327 1872 reliquit
344 1786 491 1873 praesidio
505 1789 598 1852 novis
615 1788 762 1877 regibus,
780 1789 943 1875 simulque
958 1787 1130 1868 custodiae,
1147 1811 1188 1852 ue
1205 1812 1272 1876 qua

193 1888 364 1950 occasione
379 1905 506 1953 mutare
519 1890 666 1953 animum
680 1906 832 1977 possent:
847 1890 915 1976 ipse
930 1912 1005 1953 cum
1020 1904 1108 1952 sexta
1119 1906 1272 1953 veterana

194 1987 335 2076 pedestri
359 1989 475 2053 itinere
498 1989 669 2054 contendit
689 1992 722 2053 in
747 1991 882 2077 Syriam.
903 1990 954 2053 lbi
973 1989 1172 2069 civitatibus,
1188 2012 1272 2076 qua·

194 2112 269 2153 rum
283 2091 409 2154 auxiliis
426 2090 556 2171 adjutus
568 2091 691 2172 fuerat,
708 2114 825 2180 magna
837 2092 995 2156 beneficia
1006 2092 1137 2171 tribuit,
1150 2090 1273 2156 ludaeis

193 2190 372 2278 praecipue,
387 2211 529 2278 quorum
543 2191 761 2280 principatum
775 2190 914 2257 finnavit
925 2193 1093 2280 Hyrcan03
1106 2193 1273 2258 civitatem

193 2314 362 2356 romanam
382 2315 457 2356 cum
474 2292 681 2358 immunitate
699 2294 789 2358 dedit
806 2295 996 2382 Antipatro3
1013 2311 1192 2382 utrumque
1212 2295 1272 2359 ab*

194 2395 290 2458 solvit
300 2385 470 2459 'incusatos
483 2394 523 2458 ab
537 2395 715 2463 aristobuli
730 2396 799 2460 filio
809 2397 991 2485 Antigono,
1009 2412 1275 2484 procuratorem-

194 2520 259 2585 que
279 2496 396 2561 ludaeae
414 2497 587 2563 declaravit
602 2499 821 2587 Antipatrum.

240 2599 299 2663 Ill.
327 2601 478 2688 Hyrcano
507 2601 631 2688 petenti
659 2617 852 2690 potestatem
882 2601 1042 2664 concessit
1069 2597 1273 2662 instaurandi

196 2722 308 2763 muros
324 2701 415 2766 urbis
431 2725 514 2783 suae,
528 2726 612 2790 quos
626 2704 801 2793 Pompeius
819 2702 998 2782 dejecerat:
1018 2700 1107 2764 unde
1126 2723 1203 2764 mox
1219 2703 1276 2764 l'oe·

195 2802 258 2866 dus
285 2826 361 2866 cum
389 2804 500 2892 legatis
528 2827 644 2868 eorum
672 2820 863 2867 renovatum
892 2819 940 2867 est
967 2803 1272 2885 senatusconsulto,

195 2925 299 2990 quum
317 2927 356 2967 ex
372 2905 472 2968 literis
487 2906 621 2968 Caesaris
637 2928 674 2969 ea
692 2904 782 2969 dere
798 2905 832 2968 in
851 2904 920 2968 aede
935 2902 1128 2968 Concordiae
1142 2904 1275 2968 L.Vale-

195 3004 263 3067 rius
280 3005 315 3068 L.
334 3006 370 3068 F.
387 3022 507 3093 praetor
522 3006 703 3087 retulisset,
726 3029 755 3070 a.
773 3005 805 3070 d.
828 3005 901 3070 idus
924 3006 1124 3073 decembres.
1148 3005 1207 3069 His
1229 3007 1274 3069 ita

195 3107 396 3188 constitutis,
423 3109 637 3195 tyrannisque
662 3125 694 3172 et
717 3108 879 3196 dynastis,
906 3123 945 3171 ut
967 3109 1083 3171 merita
1113 3109 1274 3194 cujusque

195 3223 303 3289 erant,
324 3208 470 3295 itemque
486 3208 690 3291 civitatibus,
708 3209 837 3274 donatis
854 3210 1075 3291 mulctatisve,
1091 3225 1124 3273 et
1140 3225 1274 3273 contro·

197 3310 307 3374 versiis
326 3310 485 3400 cognitis,
507 3311 620 3399 gentili
636 3333 697 3376 suo
716 3313 789 3376 Sex.
809 3314 933 3376 Caesare
946 3311 1129 3400 legionibus
1142 3333 1271 3399 praepo·

194 3410 276 3490 sito,
295 3435 371 3474 cum
386 3411 504 3494 classe,
523 3435 621 3499 quam
640 3413 733 3500 sequi
747 3412 902 3495 jusserat,
922 3413 958 3476 in
972 3413 1114 3477 Ciliciam
1131 3430 1271 3476 conten·

194 3509 261 3591 dit,
285 3510 326 3574 ad
348 3511 522 3576 Pharnacis
548 3513 671 3577 bellum
690 3515 814 3595 iturus,
840 3537 908 3601 quo
931 3515 1091 3578 maturius
1114 3514 1213 3577 rebus
1236 3514 1270 3576 in

195 3611 304 3692 Urbe,
324 3627 356 3674 et
372 3635 430 3699 per
445 3614 628 3700 provincias
644 3615 791 3703 undique
809 3616 906 3679 motis
920 3632 1031 3704 posset
1042 3639 1225 3680 occurrere.

239 3712 295 3776 lv.
312 3713 394 3777 Nam
409 3731 493 3778 etex
511 3714 600 3779 Urbe
617 3715 793 3781 seditiones
811 3716 1056 3798 nuntiabantur,
1073 3733 1106 3780 et
1120 3716 1154 3778 in
1165 3715 1271 3778 Africa

229 3881 245 3946 S
260 3884 278 3929 l.
292 3883 322 3930 U.
333 3881 362 3930 C.
374 3882 424 3940 705
433 3883 482 3941 3A.
492 3884 521 3932 C.
532 3891 574 3944 ⁴7·
588 3911 624 3920 -
637 3886 740 3933 Sueten.
750 3885 777 3931 in
788 3886 851 3933 Caes.
864 3900 921 3948 cap.
936 3885 977 3933 35.
991 3912 1025 3920 -
1039 3884 1162 3932 Plutarch.
1172 3884 1198 3931 iu
1208 3885 1271 3933 eat

194 3983 249 4030 cap.
266 3981 306 4024 72.
322 3992 353 4001 -
374 3966 438 4014 llitt.
455 3994 489 4002 -
505 3968 568 4027 Dio,
589 3968 633 4016 lib.
650 3970 729 4017 xtss.
744 3996 780 4005 -
796 3971 905 4034 Appian.
921 3971 948 4018 B.
967 3969 1021 4018 civ.
1040 3969 1084 4016 lib.
1103 3971 1137 4017 11.
1151 3996 1187 4005 -
1203 3967 1220 4034 S
1235 3971 1272 4017 11.

192 4048 282 4098 Athen.
292 4052 323 4108 V,
343 4067 366 4114 9.
382 4078 417 4086 ·-
431 4051 491 4108 Dio,
508 4051 553 4099 lib.
568 4052 1001 4119 xt11.-Joseph.amiq.xJV,
1017 4053 1058 4111 15,
1077 4064 1102 4102 et
1118 4053 1149 4100 de
1162 4055 1190 4108 B.
1205 4051 1269 4101 tud.

191 4136 219 4193 1,
233 4150 246 4196 5
259 4145 283 4182 et
297 4136 321 4184 8.
333 4160 367 4173 -·
379 4135 394 4198 S
407 4137 453 4182 111.
464 4135 543 4183 Tacit.
556 4135 624 4185 nist.
634 4137 668 4196 V,
686 4151 712 4197 9.
724 4164 759 4174 -
772 4136 877 4202 loseph.
892 4136 980 4202 antiq.
992 4136 1066 4197 m,
1080 4136 1121 4185 1⁶.
1135 4160 1172 4174 -·
1184 4135 1252 4183 llirt.
