2686 4822
237 361 291 432 ru
322 362 433 430 noc.
463 365 556 431 nra.
584 362 718 432 curu
749 328 965 433 nrvraur.
1090 366 1137 459 47

54 481 152 548 tione
165 482 259 571 equis
271 482 466 567 interfectis,
480 483 514 546 in
528 506 626 549 naves
642 507 676 547 se
692 485 850 562 contulit,
861 501 1061 574 vagatusque
1075 487 1138 550 cir·

54 608 138 651 cum
153 586 301 675 ponticas
316 600 448 673 gentes,
462 602 495 649 et
513 586 642 674 Scythis
657 587 876 675 Sarmatisque
892 588 1054 652 contraxit
1069 612 1138 653 me·

54 688 208 753 dicerem
235 686 498 769 multitudinem,
521 687 806 777 Theodosiamque
834 705 867 752 et
898 689 1138 778 Panticapaeum

55 790 196 878 recepit.
208 787 292 853 Inde
307 789 340 852 vi
355 787 532 877 adjungere
546 790 695 877 proxima
711 813 849 879 quaeque
862 790 998 878 Bospori
1015 813 1138 855 conan-

57 889 295 973 tem,Asandri
308 912 397 955 arma
412 907 610 978 exceperunt
619 914 628 970 ς
638 892 815 979 praelioque
828 893 1015 976 commisso,
1024 916 1139 980 quum,

55 992 156 1082 quod
167 992 296 1057 roboris
307 991 465 1073 habebat,
475 992 601 1080 equites
610 991 752 1081 pedestri
765 1016 884 1082 pugnae
899 993 1008 1057 minus
1019 995 1138 1057 assueti

55 1096 288 1177 m'ncerentur,
304 1093 487 1158 Pharnaces
504 1093 679 1158 fortissime
695 1117 844 1183 pugnans
861 1095 1051 1158 interfectus
1072 1112 1140 1175 est,

55 1213 156 1261 ante
177 1195 497 1285 quinquagenarius,
518 1217 620 1282 quum
646 1196 782 1283 Bospori
799 1218 935 1284 regnum
960 1218 1064 1259 annos
1083 1195 1140 1259 ad·

59 1296 203 1362 modum
219 1295 409 1386 quindecim
425 1296 592 1361 tenuisset.

105 1398 214 1463 XXV.
238 1400 368 1464 Interea
392 1400 514 1479 Caesar,
537 1395 646 1486 praeda
666 1398 754 1488 regia
778 1398 936 1463 militibus
961 1421 1135 1483 concessa,

54 1501 157 1583 juxta
167 1516 329 1588 tmpaeum
342 1499 559 1581 Mithridatis,
573 1497 666 1586 quod
681 1499 768 1563 victo
783 1499 908 1563 Triario
922 1517 1086 1581 erectum,
1103 1515 1142 1563 ut

59 1624 136 1667 rem
149 1599 212 1666 diis
225 1600 302 1665 belli
313 1599 505 1691 praesidibus
519 1622 661 1677 sacram,
677 1616 820 1665 evertere
835 1604 924 1666 nefas
942 1602 1141 1684 habebatur,

59 1702 156 1769 aliud
173 1703 215 1768 de
234 1703 400 1768 Pharnace
417 1703 598 1792 opposuit:
619 1703 688 1792 ipse
704 1725 780 1766 cum
800 1702 957 1791 expeditis
975 1705 1141 1793 equitibus

59 1810 249 1896 profectus,
267 1805 429 1896 legionem
447 1821 569 1869 sextam
586 1803 743 1870 decedere
756 1803 797 1869 ad
811 1805 998 1894 accipienda
1011 1807 1142 1894 praemia

59 1910 98 1973 in
117 1909 248 1975 ltaliam
259 1908 376 1990 jussit;
392 1906 509 1971 auxilia
528 1907 673 1987 Dejotari
686 1906 812 1969 remisit
830 1905 988 1988 domum3
1008 1909 1142 1971 Caelium

61 2009 275 2074 Vinicianum
290 2031 366 2073 cum
380 2006 509 2072 duabus
526 2007 710 2097 legionibus
724 2006 855 2094 reliquit
869 2008 904 2071 in
919 2008 1037 2073 Pont0.
1054 2010 1144 2074 Ami·

61 2111 154 2176 aeuis
169 2111 205 2175 in
220 2110 410 2175 calamitatis
431 2109 584 2174 solatium
600 2109 762 2173 concessit
780 2109 983 2191 libertatem
1009 2126 1143 2192 caetera,

62 2234 142 2301 quae
156 2211 279 2300 cuique
288 2211 471 2276 Pharnaces
485 2210 664 2298 eripuerat,
675 2211 818 2297 antiquis
832 2211 974 2276 dominis
985 2213 1144 2296 restituit,

63 2328 201 2401 excepta
222 2328 315 2400 parte
336 2313 475 2377 Minoris
498 2312 680 2394 Armeniae,
700 2335 799 2400 quam
827 2314 1051 2379 Ariobarzanis
1075 2338 1145 2380 esse

58 2414 215 2494 jusserat.
240 2414 304 2478 Per
323 2414 566 2504 Gallograeciam
588 2431 686 2500 atque
707 2413 893 2500 bithyniam
915 2415 977 2478 iter
1000 2415 1141 2498 faciens,

63 2516 304 2581 controversias
312 2539 424 2580 earum
435 2514 675 2603 provinciarum
687 2515 943 2601 composuit3et,
953 2537 1025 2603 quaa
1033 2539 1145 2603 quem·

64 2640 134 2706 que
147 2633 260 2683 tenere
271 2618 388 2699 vellet,
403 2617 586 2682 coustituit.

108 2721 233 2785 xxvl.
251 2720 419 2802 Deiotaro,
446 2742 513 2783 non
542 2720 649 2783 solum
678 2732 810 2804 propter
827 2716 890 2780 lata
915 2715 1088 2784 adversum
1110 2744 1146 2786 se

63 2844 173 2904 artua,
198 2820 368 2886 sedetiam
385 2818 730 2908 quiasociisvictoriae
751 2816 903 2881 donanda
924 2842 992 2882 non
1014 2822 1145 2887 aliunde

63 2922 264 2987 cumulatius
281 2922 368 2987 sumi
390 2937 560 3011 poterant,
586 2920 649 2984 fuit
671 2919 824 3007 iniquior.
851 2919 978 2985 Idcirco
997 2921 1072 2986 licet
1091 2924 1145 2988 ille

64 3023 293 3115 deprecatores
307 3024 442 3088 baberet
450 3023 630 3113 plurimos,
654 3036 687 3085 et
702 3020 817 3085 Nicaeae
838 3020 992 3086 defensus
1009 3048 1028 3087 a
1044 3027 1145 3090 Bruto

66 3142 154 3190 esset
176 3125 357 3202 enisissime
378 3124 470 3213 (quae
488 3139 600 3213 postea
625 3122 729 3187 oratio
751 3139 800 3186 est
817 3121 944 3209 edita),
967 3124 1148 3191 Mithridati

67 3228 289 3318 Pergameno,
306 3228 399 3309 cujus
415 3227 554 3316 aegyptio
571 3225 658 3290 bello
675 3224 827 3312 preclara
839 3247 939 3312 opera
953 3226 1077 3311 fuerat,
1097 3245 1147 3294 te·

68 3330 244 3395 tranchiam
255 3330 548 3420 Gallograecorum,
565 3349 657 3417 paene
669 3341 773 3390 totam
785 3326 939 3406 Dejotaro
950 3351 1149 3416 possessam,

68 3433 163 3521 quasi
181 3433 257 3513 jure
278 3432 384 3523 gentis
410 3447 443 3496 et
465 3429 669 3520 cognationis
692 3427 889 3508 adjudicavit
906 3431 1027 3514 Caesar,
1053 3455 1147 3496 eum-

70 3533 215 3623 demque
235 3556 347 3622 regem
363 3533 534 3621 appellavit
551 3530 710 3620 Bospori,
738 3553 804 3618 qua
820 3531 1003 3597 Pharnaces
1023 3537 1148 3601 tenuis-

68 3652 137 3717 set,
155 3636 254 3701 etiaru
271 3635 425 3699 mandato
441 3633 595 3698 adversus
613 3631 819 3713 Asandrum,
844 3633 873 3695 si
892 3633 1007 3697 cedere
1024 3636 1145 3716 nollet,

70 3737 167 3803 bello.
183 3737 266 3803 Inde
279 3753 498 3826 transgressus
512 3737 621 3801 Asiam
632 3734 873 3822 Graeciamque,
890 3735 925 3798 in
939 3737 1063 3800 ltaliam
1080 3754 1147 3801 tra·

65 3838 162 3920 jecit3
180 3861 345 3926 nusquam
361 3837 485 3903 diutius
502 3854 663 3918 moratus,
680 3859 778 3925 quarn
797 3836 877 3902 dum
894 3840 1048 3926 pecunias
1065 3863 1148 3926 quo-

102 4051 119 4117 5
135 4053 232 4102 mv.
249 4052 377 4100 Plutarch.
395 4078 429 4089 -
442 4050 508 4099 utor.
521 4052 566 4107 tv,
581 4066 604 4096 2.
617 4076 652 4086 -
665 4052 767 4096 Sueton.
775 4047 800 4094 in
811 4049 874 4095 Cass.
888 4063 941 4111 cap.
957 4062 981 4105 7.
994 4073 1023 4082 -
1036 4047 1147 4110 Appian.

69 4135 183 4185 uirhrtd.
193 4137 302 4194 -uio,
315 4136 358 4184 lib.
369 4137 448 4184 llbll.
464 4163 497 4171 -
512 4133 621 4199 sm.
634 4134 700 4180 Birt.
710 4158 745 4167 —-
755 4131 812 4176 Dio.
822 4157 855 4165 -—
864 4129 916 4179 Cic.
928 4127 991 4175 Phil.
1002 4131 1039 4186 ll,
1051 4132 1092 4185 37.
