2686 4822
249 386 299 452 IN
333 385 447 453 LOC.
474 386 570 452 LlB.
597 385 708 454 cxll
739 384 953 453 LlVlANl.
1105 407 1139 452 ιι

70 521 232 589 moratus,
243 506 378 593 jamque
396 506 505 569 minus
526 504 680 569 dubitans
701 505 735 567 in
758 503 941 593 AEgyptum
961 503 1024 566 isse
1045 505 1147 569 Pom·

70 609 195 695 pdum,
212 605 305 695 quod
324 607 425 694 Cypri
440 606 547 671 risum
562 628 631 670 esse
649 621 861 695 cognoverat,
881 603 1037 668 Rhodum
1056 607 1147 669 navi·

70 709 171 799 gavit,
189 724 223 773 et
239 707 398 791 collectis,
415 723 498 797 quot
512 708 622 772 subito
640 723 812 795 poterant,
831 707 969 770 navibus
984 707 1145 794 virisque,

70 832 143 873 cum
154 808 323 897 equitibus
331 808 750 901 octingentis,duabusque
757 807 955 896 legionibus,
962 830 1040 889 una,
1048 831 1146 895 quam

70 911 161 998 sequi
173 932 216 974 ex
229 909 394 974 Thessalia
404 909 692 992 jusserat,·'altera,
702 931 801 996 quam
816 933 834 972 a
846 911 945 974 Fusio
955 910 1062 999 legato
1075 934 1147 975 evo·

69 1028 195 1076 caverat
207 1035 247 1076 ex
266 1012 402 1093 Achaia,
418 1011 624 1100 naribusque
639 1011 746 1100 longis
763 1009 888 1074 rhodiis
910 1009 1041 1093 decem,
1065 1011 1146 1076 asia·

69 1115 139 1179 ticis
159 1114 289 1204 paucis,
312 1114 374 1178 sub
391 1130 523 1180 noctem
543 1111 621 1178 inde
637 1113 750 1195 solvit3
769 1113 889 1200 ignaris
911 1114 1053 1194 caeteris,
1077 1137 1144 1201 quo

69 1215 235 1281 tenderet:
250 1214 308 1280 sed
329 1215 564 1305 gubernatores
577 1212 722 1280 interdiu
740 1213 895 1278 vexillum
910 1215 1067 1302 praetorias
1086 1237 1144 1278 na-

68 1316 128 1398 vis,
143 1332 247 1382 noctu
262 1316 406 1380 Pharum
420 1317 514 1405 sequi
524 1316 674 1396 jusserat.

110 1419 216 1483 XXV.
231 1418 284 1482 sic
296 1419 393 1483 tertio
407 1433 482 1505 post
495 1418 548 1482 die
560 1416 786 1483 Alexandriam
798 1419 956 1504 pervenit.
971 1417 1035 1483 Sed
1047 1419 1081 1481 in
1094 1419 1145 1483 his

67 1520 251 1610 legionibus
269 1521 331 1584 tria
350 1520 449 1584 millia
465 1519 599 1584 ducenti
620 1518 709 1584 haud
725 1519 864 1606 amplius
886 1520 1004 1584 milites
1027 1536 1143 1585 erant:

67 1622 210 1710 reliquos
232 1623 368 1686 vulnera
387 1621 565 1709 laborque,
590 1620 799 1684 festinantem
816 1620 1045 1707 imperatorem
1064 1644 1145 1684 con·

67 1724 158 1811 sequi
179 1738 362 1788 vetuerant.
391 1722 455 1787 Sed
477 1725 599 1803 Cesar,
630 1721 731 1785 animi
754 1720 981 1810 magnitudine
1004 1721 1145 1786 etfama

67 1840 357 1914 rerumgestarum
375 1824 496 1905 fretus,
516 1846 649 1887 omnem
663 1823 727 1887 sibi
744 1822 870 1903 locum,
890 1823 1145 1909 quamtumlibet

66 1924 202 1990 infirmis
228 1926 404 2014 praesidiis,
428 1942 538 1990 tutum
565 1926 636 1989 fore
654 1924 870 1989 existimabat.
902 1926 1048 2005 Tamen,
1067 1927 1144 2012 quia

67 2028 305 2093 tumultuantes
322 2028 443 2092 recenti
462 2027 739 2116 mortePompeii
758 2027 994 2091 Alexandrinos
1015 2051 1144 2115 repere·

66 2144 129 2210 rat,
144 2129 268 2193 veritus
286 2128 374 2192 litori
392 2152 427 2193 se
444 2128 595 2210 credere,
612 2152 747 2192 ancoras
762 2129 855 2212 jecit,
876 2128 983 2193 donec
1002 2128 1043 2193 ad
1065 2154 1142 2194 eum

66 2229 258 2294 Theodotus
283 2232 389 2310 venit,
413 2247 560 2319 caputet
580 2232 740 2295 annulum
758 2232 906 2319 Pompeii
932 2231 1073 2319 (ensifer
1092 2234 1144 2298 leo

66 2330 249 2420 insculptus
275 2349 361 2413 erat,
387 2349 426 2397 ut
443 2333 638 2398 Plutarchus
656 2332 805 2414 tradidit3
828 2350 866 2397 ut
890 2335 971 2415 Dio,
990 2335 1051 2398 tria
1073 2351 1142 2398 tro·

65 2432 151 2520 paea)
167 2449 325 2520 tanquam
342 2432 418 2498 fidei
435 2435 555 2524 pignus
574 2436 726 2500 offerens.

106 2534 230 2601 XXVI.
257 2534 307 2599 lbi
323 2536 498 2618 Caesarem,
514 2537 626 2625 agnito
644 2538 757 2627 generi
773 2538 897 2625 capite,
915 2536 1038 2601 flevisse
1056 2538 1141 2602 refe-

64 2653 158 2719 runt,
174 2654 425 2724 aversatumqne
440 2655 626 2725 portantem
644 2662 732 2719 esse3
752 2661 890 2729 persona
906 2640 1072 2704 moerentis
1089 2663 1141 2703 as·

64 2754 212 2827 sumpta,
226 2761 413 2826 quanquam
429 2740 545 2804 intime
560 2739 701 2829 gaudere
716 2757 823 2805 morte
836 2743 946 2806 aemnli
959 2759 1139 2830 putaretur.

63 2840 200 2928 Reliqua
217 2856 327 2904 tamen
346 2841 417 2919 ejus
442 2843 664 2907 mansuetudo
686 2844 779 2907 facile
802 2843 961 2925 declarat,
987 2868 1079 2909 veras
1102 2846 1143 2908 il-

63 2941 126 3023 las,
138 2965 207 3005 non
223 2943 570 3032 simulatas,lacrymas
583 2945 694 3008 fuisse.
709 2945 866 3033 Princeps
883 2946 971 3008 enim
988 2946 1139 3009 omniurn

64 3065 131 3108 esse
150 3044 281 3108 volebat
302 3061 407 3127 certe3
425 3069 486 3109 nec
505 3047 679 3136 excogitari
697 3046 905 3110 necessitudo
926 3048 991 3111 ulla
1011 3064 1140 3136 posset,

63 3167 159 3233 quam
179 3135 294 3210 isthoc⁸
304 3148 410 3235 pretio
430 3147 601 3236 proposito
621 3147 807 3212 violandam
834 3171 903 3212 esse
930 3171 999 3211 non
1027 3149 1143 3213 existi·

62 3264 183 3312 maret:
210 3248 267 3313 sed
290 3249 355 3312 hoc
378 3247 539 3330 dedisses,
559 3266 628 3313 erat
644 3250 819 3313 hominnm
837 3251 987 3313 omnium
1006 3246 1142 3314 mitissi-

61 3372 153 3431 mus,
172 3366 207 3412 et
225 3351 281 3438 qui
298 3350 535 3439 amplissimum
556 3375 720 3439 quemque
746 3352 955 3441 cupidissime
977 3371 1142 3434 servaret,

61 3465 151 3514 tanto
168 3451 325 3530 majorem
343 3452 478 3540 gloriam
495 3476 588 3517 suam
605 3456 749 3517 futuram
764 3471 872 3536 ratus,
885 3473 1009 3543 quanto
1025 3473 1141 3543 poten·

60 3553 158 3617 tiores
170 3554 415 3641 nobilioresque
424 3555 483 3618 viri
498 3579 559 3619 suo
570 3556 733 3620 beneficio
745 3557 902 3621 virerent.
917 3558 1140 3646 Quocumque

60 3654 186 3735 animo,
205 3656 333 3718 vultum
358 3673 445 3719 certe
470 3680 619 3741 servans,
642 3676 739 3747 caput
759 3660 908 3747 Pompeii
931 3662 1082 3749 pluribus
1107 3679 1140 3725 et

59 3757 299 3843 pretiosissimis
313 3757 472 3822 odoribus
488 3776 752 3841 concrematum,
765 3761 902 3824 honeste
916 3762 1139 3826 funerandum

59 3860 182 3923 curavit
199 3860 234 3923 in
254 3860 433 3943 suburbi0,
450 3861 507 3926 ubi
526 3878 602 3950 post
620 3862 814 3927 debellatam
831 3863 1012 3954 AEgyptum
1031 3863 1135 3927 aedem

92 4071 218 4135 §xm
228 4074 295 4123 Plnt.
313 4102 348 4111 —
363 4076 425 4124 Caes.
441 4103 476 4112 -
490 4077 570 4155 strab.
588 4103 623 4113 -
642 4078 749 4142 Appian.
764 4079 825 4143 -s
845 4079 927 4126 XXV.
945 4079 1008 4129 ces.
1023 4105 1057 4116 -·
1068 4079 1131 4135 Dio,

59 4153 101 4205 lib.
112 4157 190 4207 xm.
199 4185 236 4198 -
245 4159 300 4207 biv.
310 4160 376 4224 Epir.
391 4188 425 4198 -
438 4161 502 4211 Plut.
513 4161 540 4210 iu
553 4164 640 4228 Pomp.
652 4178 706 4231 cap.
719 4166 762 4212 32.
774 4190 809 4200 -
819 4165 909 4211 Lucan.
