2686 4822
205 345 253 426 40
379 346 447 412 JO.
474 347 820 417 FREINSHEMII
850 345 1098 415 SUPPLEM.

201 466 354 546 retinuit,
370 454 628 554 sponsoremque
645 466 765 554 obtulit
778 489 839 554 pro
851 466 1075 548 Uticensibus,
1093 487 1197 554 eaque
1207 490 1280 557 gra·

200 566 244 629 tia
260 555 440 631 custodiam
455 568 567 648 Uticae,
585 566 781 654 finitimique
794 584 827 631 et
838 568 935 630 maris
950 584 983 630 et
998 567 1085 655 agri,
1099 567 1277 634 mandante

193 667 366 755 Scipione,
401 669 517 732 lubens
543 670 682 756 recepit3
708 670 888 756 utilemque
915 668 1082 756 partibus,
1105 685 1138 733 et
1162 692 1276 734 rerum

197 771 349 834 omnium
364 771 452 833 velut
471 770 627 834 horreum
644 771 772 851 effecit,
790 793 896 850 arma,
915 787 1133 852 commeatus,
1147 772 1275 835 machi·

195 892 254 935 uas
267 872 346 935 hiuc
363 871 558 935 exercitibus
577 870 809 954 ministrando,
830 893 928 957 quam
943 870 1126 934 inconsulta
1140 887 1275 935 caetero·

196 994 272 1036 rum
288 974 335 1036 ira
354 972 492 1037 deletam
510 973 695 1060 cupiverat:
720 972 764 1036 ita
783 971 957 1035 crudelitas
977 988 1010 1034 et
1029 971 1171 1035 amentia
1188 994 1274 1061 saepe

194 1073 231 1137 in
254 1096 313 1137 sua
337 1073 485 1161 praesidia
509 1075 656 1139 saeviunt.
681 1073 837 1155 Ejusdem
859 1073 992 1137 Catonis
1015 1073 1148 1136 hortatu
1172 1075 1273 1160 paulo

191 1191 272 1262 post
291 1175 388 1238 etiam
406 1176 440 1238 in
459 1177 613 1264 Hispania
628 1198 783 1265 magnum
797 1175 919 1239 bellum
934 1177 993 1238 Cn.
1005 1174 1180 1261 Pompeius
1196 1174 1276 1239 ado·

193 1274 319 1338 lescens
328 1277 488 1340 excitavit.
503 1277 587 1341 Nam
603 1276 745 1340 hominis
758 1276 936 1366 gravissimi
947 1275 1055 1341 verbis
1069 1276 1271 1360 stimulatus,

191 1397 256 1463 pro
270 1376 463 1442 claritudine
478 1395 632 1465 paterna,
648 1378 835 1465 relictisque
849 1378 889 1442 ab
907 1400 947 1441 eo
963 1377 1133 1459 clientelis,
1150 1400 1272 1467 magno

196 1478 308 1545 animo
323 1478 467 1558 jubentis
485 1481 721 1568 rempublicam
738 1501 922 1568 capessere,
939 1479 1104 1566 profectus
1119 1478 1161 1542 ab
1177 1479 1272 1544 Utica

194 1581 231 1643 in
248 1603 386 1670 regnum
404 1582 564 1671 Bogudis,
580 1583 796 1671 repulsusque
814 1606 831 1645 a
850 1582 989 1662 Mauris,
1013 1580 1137 1659 trajecit
1153 1581 1189 1643 in
1208 1583 1271 1645 Bat-

195 1681 296 1749 leates
318 1682 456 1748 insulas:
479 1683 571 1766 iude,
594 1684 732 1772 cognitis
748 1682 911 1771 Hispaniae
931 1683 1052 1759 turbis,
1069 1705 1208 1769 quarum
1230 1705 1272 1747 ex

196 1785 352 1849 Cassiano
377 1786 523 1855 tumultu
549 1808 673 1875 magnae
700 1801 732 1848 et
755 1807 843 1849 acres
871 1785 1015 1872 reliquiae
1040 1799 1149 1865 erant,
1178 1784 1272 1849 brevi

195 1901 345 1974 tempore
359 1888 503 1977 insignes
519 1889 553 1951 iu
571 1887 724 1951 ulteriore
742 1887 907 1976 provincia
926 1907 1115 1975 progressus
1127 1884 1223 1967 iecit3
1236 1902 1271 1952 ct

195 1988 272 2076 quia
293 2012 354 2053 nco
374 1989 543 2071 Afranius,
566 2012 626 2053 nec
648 1988 793 2052 Petreius
810 1989 956 2076 excipere
976 1986 1120 2051 delatum
1138 1987 1178 2051 ab
1195 1988 1272 2075 ipso

192 2091 367 2178 imperium
389 2092 576 2172 voluerant,
602 2091 756 2155 ulteriora
779 2088 918 2153 subinde
944 2089 1071 2169 moliri,
1095 2104 1128 2152 et
1150 2111 1210 2175 per
1233 2111 1270 2153 se

191 2190 418 2256 administrare
435 2192 557 2255 bellum
577 2193 683 2280 coepit.
784 2196 790 2213 ⁸

238 2293 328 2356 Vlll.
345 2296 388 2357 At
407 2292 540 2357 diversis
564 2294 662 2382 longe
685 2293 774 2357 orbis
796 2293 942 2381 partibus
959 2295 1082 2374 Caesar,
1101 2308 1268 2357 conventu

194 2395 333 2459 Cilicum
346 2397 438 2459 Tarsi
452 2413 543 2477 acto,
557 2418 616 2484 per
625 2394 863 2483 Cappadociam
878 2396 1001 2484 magnis
1016 2393 1189 2459 itineribus
1203 2396 1270 2458 Co-

192 2520 290 2561 mana
305 2499 412 2578 venit3
436 2499 548 2585 ibique
564 2497 744 2561 sacerdotio
759 2496 934 2585 Lycomedi
950 2496 1085 2578 tradito,
1104 2497 1161 2584 qui
1178 2519 1197 2558 c
1212 2518 1267 2560 re·

192 2600 248 2689 gio
261 2599 490 2688 Cappadocum
506 2623 623 2688 genere
637 2598 777 2663 ducebat
792 2601 946 2686 stirpem,
964 2599 1063 2680 hujus
1079 2600 1112 2661 in
1129 2598 1267 2687 gratiam

192 2717 336 2790 quatuor
351 2701 499 2765 schoenos
515 2703 581 2789 agri
594 2701 635 2763 ad
650 2702 773 2788 priores
790 2701 960 2764 sacerdotii
971 2700 1192 2789 possessiones
1208 2699 1268 2763 ad·

190 2802 284 2884 jecit;
311 2817 344 2865 et
365 2802 524 2866 Ariarathi
549 2801 638 2865 fratri
664 2802 748 2890 regis
766 2801 992 2865 Ariobarzanis
1015 2801 1028 2889 ζ
1036 2803 1063 2865 is
1084 2801 1267 2866 obtinuisse

190 2905 283 2992 prius
302 2904 336 2967 id
354 2904 571 2968 sacerdotium
591 2902 740 2988 videtur)
763 2903 911 2989 quaedam
930 2903 1096 2985 attribuit,
1122 2925 1164 2966 ne
1181 2903 1266 2966 otio·

190 3021 303 3069 suaet
327 3026 425 3094 egens
448 3005 539 3067 fratri
560 3004 798 3091 suspicionem,
825 3006 885 3069 sibi
911 3006 1095 3093 periculum
1123 3021 1265 3088 crearet,

188 3107 368 3194 praesertim
386 3128 491 3192 quum
512 3121 545 3167 et
570 3122 664 3168 antea
688 3106 802 3169 inisset
824 3108 1013 3171 sollicitatus
1030 3131 1049 3170 a
1065 3106 1263 3193 quibusdam

191 3209 296 3297 gentis
316 3207 536 3295 principibus,
562 3222 600 3269 ut
623 3229 757 3295 regnare
779 3209 883 3274 vellet.
901 3208 1109 3272 Ariobarzani
1132 3225 1263 3290 autem,

190 3332 252 3398 pro
276 3309 345 3392 his,
369 3332 441 3398 quae
460 3308 598 3397 imperio
619 3307 688 3387 ejus
710 3308 929 3391 decedebant,
956 3326 1081 3397 partem
1101 3311 1263 3374 Armeniae

188 3412 344 3493 Minoris,
362 3411 546 3498 ademptam
566 3411 735 3491 Dejotaro,
755 3409 855 3476 dedit.

234 3514 292 3576 1x.
315 3514 429 3595 Quum
447 3511 534 3574 enim
552 3509 593 3574 ad
612 3511 827 3600 Gallograeciae
844 3509 923 3574 fines
940 3512 1139 3593 accessisset,
1157 3510 1261 3600 depo·

189 3613 257 3678 sitis
274 3615 369 3702 regiis
383 3613 580 3700 insignibus,
599 3630 632 3677 et
646 3615 800 3702 supplicis
815 3614 929 3677 habitu
942 3630 1074 3700 sumpto
1088 3614 1261 3692 Dejotarus

188 3716 348 3797 occurrit,
364 3737 538 3797 excusans,
555 3715 645 3803 quod
662 3718 695 3778 in
714 3738 751 3779 ea
766 3733 856 3803 parte
871 3733 1030 3780 terrarum
1049 3716 1185 3803 positus,
1201 3716 1260 3779 ubi
1327 3734 1330 3740 ’

223 3870 239 3935 S
253 3872 311 3919 vn.
326 3869 380 3918 Liv.
391 3869 458 3933 Epir.
472 3897 506 3906 -
520 3871 585 3919 Plut.
600 3899 636 3907 -
647 3871 705 3919 Dio.
719 3898 754 3910 ·-
766 3871 832 3921 Hirt.
845 3871 875 3920 dc
889 3874 916 3919 tt.
935 3870 1013 3918 Afric.
1027 3886 1081 3934 cap.
1096 3885 1138 3916 aa.
1155 3897 1189 3906 —
1204 3869 1259 3919 Cio.

185 3955 216 4007 ad
225 3955 303 4002 Arete.
313 3956 376 4012 xn,
389 3969 414 4000 a.
427 3980 463 3989 —
476 3954 549 4002 Aust.
560 3954 590 4003 dc
600 3957 628 4003 R.
638 3954 710 4019 Hisp.
720 3972 775 4021 cap.
786 3972 808 4004 1.
823 3983 856 3992 -
868 3954 963 4018 §VIIL
975 3955 1083 4018 Appian.
1094 3952 1209 4001 Mithrid.
1223 3981 1260 3990 -

185 4039 251 4087 llirt.
267 4038 298 4086 de
314 4040 342 4085 B.
357 4037 428 4085 Alex.
439 4053 493 4102 cap.
506 4039 546 4086 56.
562 4066 595 4076 -
605 4039 685 4088 strab.
702 4039 746 4088 lib.
760 4042 827 4099 xli,
838 4056 864 4104 p.
883 4039 942 4089 558.
962 4037 1015 4087 Cic.
1025 4036 1056 4085 ud
1065 4036 1151 4086 Famil.
1162 4037 1220 4096 KV,
1231 4052 1259 4089 a.

183 4150 217 4159 -—
228 4123 289 4180 Dio,
299 4122 343 4170 lib.
353 4123 421 4181 titt.
