2686 4822
242 342 294 409 ln
328 345 439 415 Lon
468 349 565 416 nin.
593 337 711 416 cxu'
737 349 952 416 luviani.
985 352 987 356 ³
1092 345 1137 416 25

56 464 147 530 mani
158 465 290 554 cognita
304 465 493 549 voluntate,
510 467 689 550 dictatura,
704 490 892 555 quanquam
907 484 996 532 extra
1012 469 1137 533 Italiam

55 568 189 657 agebat,
216 567 336 630 iterum
362 568 461 650 inita,
492 570 684 659 magistrum
712 570 861 657 equitum
887 570 933 633 M.
957 571 1137 633 Antonium

56 670 150 734 dixit.
167 671 200 733 Is
216 691 352 757 quoque
370 672 594 760 magistratum
613 694 689 736 eum
714 688 787 735 toto
809 694 897 736 anno
919 671 1035 761 gessit3
1053 672 1138 735 mul·

57 791 129 836 tum
156 772 364 861 ringentibus
388 773 585 862 auguribus,
610 796 754 860 quorum
779 796 796 836 a
823 773 989 861 plerisque
1015 773 1139 837 vanitas

55 872 285 950 deridebatur,
306 872 354 936 fas
372 874 407 936 in
428 874 583 964 magistro
603 875 750 962 equiturn
769 875 979 964 negantium,
993 874 1084 963 quod
1104 876 1137 937 in

56 975 217 1039 dictatore
232 975 459 1062 probaverant.

100 1076 186 1141 LXI.
219 1075 284 1141 Sed
313 1077 348 1140 in
378 1077 542 1165 plerisque
572 1077 744 1141 annalibus
780 1077 953 1140 consulatu
981 1079 1024 1158 Q.
1051 1078 1138 1141 Fusii

57 1181 101 1261 Q.
119 1181 154 1243 F.
176 1180 215 1242 C.
236 1179 278 1244 N.
302 1178 430 1261 Caleni,
453 1180 490 1244 P.
505 1179 627 1244 Vatinii
653 1181 689 1243 P.
713 1181 749 1244 F.
774 1179 829 1243 bie
849 1202 956 1244 annus
982 1195 1137 1259 notatur3

56 1303 246 1370 quanquam
263 1281 309 1345 illi
325 1281 531 1371 magistratus
546 1280 615 1361 ejus
632 1303 754 1344 nomen
770 1280 835 1368 (vis
852 1280 940 1344 enirn
956 1303 1058 1368 penes
1076 1283 1141 1344 ca

56 1404 162 1447 sarem
178 1382 260 1469 erat)
279 1397 421 1447 extrema
437 1383 572 1447 demum
595 1383 673 1446 anni
698 1398 790 1470 parte
812 1397 1019 1469 receperunt.
1045 1381 1139 1445 Cale·

10 1483 12 1492 '
58 1483 140 1548 bant
152 1483 287 1547 interim
302 1483 512 1548 Alexandrini
526 1483 703 1564 tumultus,
717 1499 751 1546 et
763 1482 891 1545 acribus
906 1483 1062 1568 utrinque
1073 1483 1141 1546 ani·
1165 1498 1169 1509 ’

59 1585 122 1649 mis
140 1608 193 1649 res
210 1585 402 1675 gerebatur:
420 1585 558 1650 divisam
574 1585 608 1648 in
622 1601 730 1674 partes
748 1585 863 1648 urbem
880 1582 958 1646 binc
972 1583 1138 1673 AEgyptii,

58 1685 137 1751 inde
146 1687 400 1777 Caesar,magnis
413 1685 860 1775 operibuscommuniebant3
876 1699 909 1747 et
923 1684 965 1748 ab
977 1686 1139 1772 utrisque,

58 1786 149 1851 unde
172 1804 344 1876 poterant,
372 1788 490 1852 auxilia
514 1787 697 1852 ciebantur.
722 1786 821 1875 Apud
845 1789 1004 1851 Caesarem
1030 1786 1140 1850 adlmc

60 1891 254 1955 Ptolemaeus
268 1907 356 1971 erat,
374 1890 599 1977 intentiusque
612 1889 811 1970 servabatur,
828 1889 855 1952 si
870 1888 953 1952 nihil
967 1887 1074 1970 aliud,
1091 1912 1141 1951 so·

59 1991 172 2055 latium
184 1990 337 2055 vindictae
350 1991 545 2079 praebiturus
557 1991 727 2080 pereunti3
743 2007 842 2078 atque
854 1990 986 2053 interim
1001 2012 1139 2053 suorum

61 2093 185 2156 animos
211 2092 262 2156 vel
291 2092 497 2156 miseratione
522 2093 675 2180 periculi,
702 2093 753 2156 vel
780 2093 972 2156 auctoritate
996 2091 1140 2155 nominis

62 2192 214 2258 llexurus.

102 2293 205 2359 [ΧΠ.
220 2295 326 2383 Igitur
338 2310 371 2359 et
387 2295 420 2357 in
436 2295 638 2382 superiorem
661 2295 770 2358 locum
789 2293 972 2383 productus
992 2295 1140 2382 increpa·

61 2395 311 2475 vitandarum,
329 2419 393 2460 non
408 2409 519 2460 contra
537 2420 570 2459 se
585 2398 706 2475 nu'nus,
725 2419 823 2484 quam
840 2397 997 2460 Caesarem
1007 2443 1016 2474 ,
1024 2394 1141 2482 saren-

61 2500 136 2561 tium
146 2520 256 2578 amaa,
271 2496 433 2586 jussitque
442 2522 577 2586 ponere:
589 2499 650 2561 sibi
664 2500 746 2561 enim
761 2501 877 2585 optime
890 2500 1053 2561 convenire
1066 2520 1139 2560 erun

62 2597 236 2678 Romanis,
248 2621 375 2687 suaeque
400 2599 568 2686 dignitatis
596 2614 627 2662 et
654 2602 779 2688 inperii
791 2595 932 2690 firmum
961 2613 1140 2688 certumque
1215 2620 1221 2634 ⁴

55 2700 237 2788 praesidium
254 2701 369 2764 babere
383 2705 416 2765 io
435 2705 576 2765 ambibit
592 2701 740 2768 Caesaris.
753 2706 796 2768 At
810 2703 856 2766 illi
875 2726 941 2765 nun
960 2719 1026 2766 tarn
1041 2702 1140 2766 verba

62 2802 240 2890 loquentis,
257 2824 357 2891 quam
371 2818 519 2891 tempora
533 2803 758 2891 respicientes,
774 2820 807 2868 et
824 2803 926 2891 magis
944 2801 1024 2890 quid
1040 2802 1139 2882 velle,

63 2925 159 2989 quarn
175 2902 256 2990 quid
273 2902 381 2968 dicere
401 2903 586 2983 videretur,
609 2905 692 2969 nihil
712 2906 847 2968 remissa
866 2903 1071 2968 contumacia
1088 2905 1140 2965 in-

63 3004 214 3069 stiterunt
228 3005 353 3093 eoeptis.
364 3003 414 3068 Ne
430 3028 520 3068 mors
537 3005 670 3093 quidem
681 3006 815 3072 Achillae
832 3004 931 3068 linem
945 3021 1002 3067 aut
1013 3027 1137 3067 moram

65 3104 147 3169 bello
162 3106 289 3187 attulit3
300 3128 400 3194 quem
416 3122 605 3195 suspectum
621 3108 830 3195 invisumque
844 3130 903 3196 per
915 3105 1139 3195 Ganymedem

64 3208 234 3295 occupavit
249 3209 404 3290 Arsinoe,
423 3210 673 3297 percussorique
690 3209 868 3297 imperium
886 3208 1055 3296 copiarum
1073 3223 1139 3269 tra·

64 3307 154 3372 didit.
168 3309 275 3396 Atque
286 3309 355 3382 ille,
367 3309 526 3375 militibus
539 3311 713 3399 largitione
726 3310 874 3399 placatis,
890 3309 980 3373 haud
996 3309 1140 3398 segniter

64 3406 285 3473 administrare
298 3409 422 3473 bellum
435 3433 547 3492 orsus,
561 3413 772 3499 aquationem
787 3411 931 3492 adimere
942 3411 1058 3475 Caesari
1071 3434 1140 3479 nra·

66 3532 132 3598 gnae
148 3510 243 3574 molis
256 3511 411 3599 operibus
421 3513 571 3578 instituit.

106 3613 225 3678 LXIII.
240 3614 312 3678 Iam
326 3629 417 3695 ante,
432 3615 489 3704 qui
502 3616 710 3704 pertinebant
723 3617 756 3679 in
773 3616 1140 3705 regian1,aquaeductus

97 3853 113 3918 S
125 3855 253 3905 burlun
262 3853 289 3903 iu
301 3855 363 3904 Caes.
374 3872 430 3920 cap.
441 3857 491 3916 73,
507 3866 531 3904 et
544 3856 571 3903 in
583 3855 678 3903 Anton.
698 3882 732 3891 -
745 3855 848 3903 n10.-
860 3855 913 3904 Cic.
927 3854 992 3903 Phil.
1002 3856 1040 3912 11,
1050 3854 1084 3900 25
1091 3885 1097 3909 ‚
1117 3865 1146 3918 et

66 3940 137 3994 xm,
153 3938 193 3986 16.
203 3964 239 3976 -·
247 3937 264 4003 S
281 3940 348 3987 Lxl.
361 3941 392 3988 U.
404 3941 432 3990 C.
445 3940 510 4000 7053
523 3942 555 3988 A.
564 3941 594 3988 C.
605 3947 647 3999 47.
660 3967 696 3976 -
710 3939 775 3988 Hirt.
788 3939 819 3987 de
834 3941 859 3988 ll.
872 3940 945 3988 Alex.
955 3966 989 3976 --
1000 3937 1059 3985 vid.
1071 3937 1141 3999 Pigb.

65 4023 151 4071 ‚Antrab
164 4036 188 4072 et
198 4023 284 4086 Sigon.
299 4023 437 4072 somnient.
450 4024 475 4071 io
493 4026 555 4072 l‘sst.
568 4049 602 4060 -
617 4027 680 4072 Cas.
694 4024 723 4071 n.
738 4023 793 4072 Cir.
809 4025 855 4073 lll.
870 4051 904 4060 -
919 4026 1009 4070 Lucan.
1023 4025 1062 4079 Χ,
1082 4022 1141 4081 Ilii.

63 4135 96 4143 -
106 4108 165 4158 uio.
180 4136 214 4145 -—
231 4107 247 4172 §
262 4110 343 4157 Lan.
355 4109 419 4156 llirt.
435 4135 468 4144 —
487 4109 545 4156 Dio.
557 4136 591 4144 —--
602 4108 666 4156 Plut.
681 4107 708 4154 in
718 4108 780 4156 Cas.
