2686 4822
186 319 233 399 alt
337 318 426 385 -JO.
455 316 797 400 FREINSHEMII
828 315 1078 385 SUPPLEM.
1151 312 1154 318 ’

186 439 428 528 discerpserunt
442 437 580 517 multos,
592 453 631 500 ut
645 435 796 502 hostibus
807 438 904 502 etiam
916 436 1024 502 dolori
1035 439 1258 524 spectaculum
1273 471 1277 477 ·

187 555 279 603 esset.

229 641 345 705 LVIII.
360 644 389 706 A
405 641 544 729 Megaris
558 640 671 703 ⁴Patras
688 640 772 703 itum
789 662 797 702 :
813 637 872 704 sed
894 641 975 704 Cato
996 639 1185 726 caeterique,
1204 663 1260 703 re·

186 757 281 829 cepto
294 740 461 830 praesidio,
475 763 591 830 magna
607 740 706 805 classe
723 745 874 830 Cyrenen
890 741 1067 829 petierunt.
1084 744 1173 806 Dum
1189 741 1261 805 haec

186 841 320 905 diversis
335 841 461 932 imperii
478 842 625 929 partibus
639 858 816 931 geruntur,
841 845 962 925 Roma,
985 866 1054 907 non
1072 843 1138 923 jam
1160 860 1262 932 caput

185 967 313 1026 rerum,
332 942 390 1007 sed
413 942 521 1031 praeda
538 943 690 1026 victoris,
707 945 774 1008 utri
794 945 1001 1009 serviendum
1019 944 1121 1027 foret,
1145 969 1260 1035 exspe-

186 1045 303 1110 ctabat.
319 1045 468 1110 Ut¹enim
480 1045 619 1109 militum
633 1047 768 1111 casaris
780 1061 813 1110 et
825 1046 968 1110 consulis
978 1046 1102 1110 Servilii
1116 1068 1261 1135 presens

184 1164 299 1212 metus‘
309 1163 415 1211 tacere
432 1147 668 1235 Pompeianos,
690 1162 723 1211 et
736 1147 924 1235 dissimilem
941 1147 1052 1211 animo
1065 1146 1193 1211 vultum
1205 1147 1262 1210 in··

184 1248 286 1314 «luere
303 1262 472 1339 coegerat3
489 1249 533 1313 ita
549 1249 734 1313 clanculum
748 1249 929 1312 rumusculi
947 1248 1180 1337 captabantur,
1205 1262 1260 1330 et,

184 1350 264 1415 dum
280 1351 441 1440 quidlibet
456 1353 601 1432 timetur,
616 1367 672 1414 aut
689 1350 842 1433 creditur,
856 1350 976 1438 saepius
988 1349 1102 1415 eadem
1116 1349 1169 1415 die
1180 1373 1263 1414 mn·

184 1453 288 1518 trariis
315 1454 440 1518 nuntiis
465 1453 567 1518 animi
589 1452 733 1517 diversos
760 1451 796 1516 in
823 1453 959 1516 allectus
985 1451 1260 1516 distrahebantur.

184 1557 354 1620 Postremo
370 1556 559 1621 Pharsalica
572 1577 690 1646 pugnae
706 1554 806 1638 sama,
820 1553 874 1617 vix
888 1552 1020 1618 tandem
1035 1552 1156 1617 credita
1168 1553 1261 1640 (nam

184 1657 218 1722 ‘ct
235 1660 341 1724 Caesar
358 1681 417 1747 per
432 1660 574 1746 speciem
589 1657 755 1722 modestiae
770 1655 912 1721 scribere
925 1654 967 1719 ad
981 1671 1129 1719 senatum
1147 1655 1264 1718 nolue-

184 1758 264 1846 rat),
279 1760 425 1825 Iulianos
440 1782 555 1824 omnes
568 1758 712 1849 redegit3
726 1758 941 1845 certatimque
957 1756 1023 1821 hoc
1038 1756 1197 1846 agebatur
1210 1756 1264 1819 in·

183 1877 234 1925 ter
259 1861 496 1942 nobilissimos,
519 1876 559 1925 nt
581 1883 643 1948 pro
666 1860 863 1947 aequisque
888 1858 1027 1922 maxime
1048 1857 1177 1948 gavisus
1199 1858 1263 1924 hac

184 1961 318 2027 victoria
330 1961 433 2025 videri
445 1978 590 2049 cuperet.

229 2061 314 2126 LIX.
329 2061 444 2151 Igitur,
456 2061 548 2149 quod
562 2064 608 2126 sic
624 2062 773 2126 animatis
789 2063 975 2151 proximum
990 2076 1058 2146 est,
1078 2079 1211 2127 ruentes
1226 2064 1261 2127 in

183 2163 423 2244 adulati0uetn,
441 2163 603 2251 quidquid
616 2163 791 2253 excogitari
804 2163 929 2251 potuit,
944 2162 1177 2246 decreverunt3
1192 2186 1261 2228 non

181 2268 248 2348 jam
261 2281 352 2330 metu
368 2267 495 2346 solum,
512 2287 555 2328 ne
571 2264 679 2328 odisse
692 2263 801 2329 felices
817 2262 1017 2346 viderentur,
1030 2262 1087 2328 sed
1104 2285 1161 2352 spe
1175 2277 1264 2352 quo·⁴

185 2389 250 2455 que
268 2367 435 2431 honomm
452 2388 641 2455 opumque,
660 2388 773 2453 quasa
791 2367 916 2430 Caesare
930 2365 1178 2454 exspectabant,
1194 2381 1265 2429 tan·

184 2493 282 2556 quam
299 2469 424 2558 aliquid
441 2471 470 2533 ei
487 2467 565 2534 dare
584 2470 734 2558 possent,
753 2466 844 2555 quod
863 2489 930 2532 non
957 2468 1048 2555 prius
1069 2467 1100 2531 ei
1120 2465 1263 2532 dedisset

183 2570 329 2636 victoria.
343 2571 507 2637 Putabam
523 2587 630 2639 tamen
647 2571 721 2659 (uec
733 2569 942 2656 fallebanmr)
961 2569 1070 2659 magni
1087 2569 1263 2633 aestimatu-

184 2693 275 2751 rum,
291 2671 318 2734 si
332 2670 415 2752 jam,
436 2695 508 2758 quae
525 2672 601 2736 alias
618 2694 678 2735 suo
695 2671 854 2735 arbitratu
873 2687 906 2734 et
922 2670 952 2733 vi
972 2692 1141 2734 armorum
1159 2673 1263 2736 factu·

184 2795 241 2836 rus
255 2788 338 2854 erat,
357 2771 392 2835 id
405 2773 479 2852 jure
501 2774 605 2836 facere
626 2774 875 2836 existimaretur.
902 2771 1007 2860 Igitur
1027 2786 1060 2835 ct
1075 2771 1135 2834 alia
1152 2771 1262 2837 hono·

184 2896 258 2938 rum
276 2875 428 2961 cuiquam
444 2890 538 2937 antea
553 2872 683 2937 decreta
696 2872 928 2954 contulerunt,
939 2888 973 2936 et
989 2896 1073 2937 nora
1086 2873 1262 2961 pleraque:

184 2978 236 3039 nti
249 2976 289 3039 de
308 2976 526 3064 Pompeianis,
544 2973 813 3063 queamdmodum
832 2976 864 3036 ei
878 2974 1057 3053 videretur,
1082 2976 1131 3037 ita
1147 2988 1263 3038 statue·

186 3091 249 3158 ret,·
272 3077 402 3158 bellum,
425 3080 480 3141 cui
495 3076 609 3157 vallet,
616 3076 771 3168 jacerem
780 3098 913 3165 pacem,
935 3077 990 3138 cui
1008 3073 1119 3154 vellet,
1144 3074 1262 3140 daret:

186 3179 236 3242 uti
255 3177 455 3243 consulatum
475 3181 509 3241 in
524 3180 789 3268 quinquennium,
808 3178 1004 3243 tribunitiam
1017 3189 1206 3266 potestatem
1226 3181 1262 3241 in

93 3354 97 3361 ι
180 3294 379 3368 perpetuum,
395 3281 589 3346 dictaturam
604 3281 637 3342 in
650 3303 774 3344 nntium
789 3282 948 3368 integrum
962 3283 1136 3368 acciperet:
1155 3282 1264 3343 trium·

178 3381 279 3470 saltum
294 3405 417 3472 quoqne
430 3383 471 3447 de
480 3383 579 3463 Iuba,
597 3405 781 3472 quanquam
792 3382 874 3447 bello
888 3381 1031 3445 nondum
1046 3396 1162 3470 caepta,
1171 3386 1257 3468 gari,

184 3483 408 3552 decreverunt.

230 3586 298 3653 Lx.
318 3589 434 3675 Neque
453 3589 580 3652 minore
594 3587 705 3653 studio
719 3588 810 3677 plebs
826 3591 958 3679 agebat,
977 3588 1168 3668 miscendis,
1185 3611 1260 3677 quoe

87 3704 89 3708 ’
184 3705 274 3777 grata
296 3692 407 3754 futura
426 3690 541 3753 victori
563 3688 785 3753 crederentur.
807 3690 878 3753 Hoc
896 3688 978 3754 illud
997 3705 1126 3777 tempus
1145 3687 1259 3751 Hirtiae

183 3791 261 3879 legis
280 3813 349 3856 esse
365 3808 450 3872 reor,
467 3814 530 3879 qua
548 3790 739 3879 Pompeiani
758 3790 902 3859 honores
920 3807 1031 3880 petere
1051 3791 1259 3855 vetabantur.

183 3896 227 3955 At
243 3894 356 3975 Caesar,
373 3893 429 3980 qui
448 3909 517 3957 tum
535 3909 603 3956 erat
619 3890 833 3974 Alexandrian,
851 3909 983 3957 senatus
1004 3893 1184 3982 populique
1201 3915 1258 3954 ro·

217 4075 234 4140 S
248 4078 335 4125 LVIII.
351 4080 440 4125 Lucan.
456 4078 506 4134 tx,
522 4078 553 4133 lt
568 4087 593 4126 ct
606 4092 675 4141 seqq.
689 4103 723 4114 -
733 4077 791 4125 Dic.
803 4104 838 4115 -
850 4077 903 4128 tte.
915 4076 978 4127 Phil.
989 4078 1061 4136 xlv,
1076 4080 1099 4123 8.
