2686 4822
254 366 309 436 IN
340 367 453 436 LOC.
480 368 575 435 LIB.
603 366 714 435 CXII
745 368 956 438 LIVlANI.
1096 371 1142 444 33

63 507 257 576 quanquam
275 501 392 575 praeter
412 487 612 550 manufactas
627 485 849 567 munitiones,
867 487 946 552 hinc
962 490 1141 559 editissimo

64 589 157 670 loco,
174 587 253 652 inde
269 585 388 675 palude
404 604 461 651 aut
474 587 551 651 Nilo
568 602 657 669 tuta,
669 589 876 676 expugnavit.
890 591 1010 680 Illngna
1023 593 1068 658 ibi
1080 619 1142 661 cae·

64 689 124 755 des
139 690 360 780 pugnantium
378 688 641 777 fugientiumque
656 704 706 752 est
720 687 826 770 edita3
844 712 919 753 nam
937 692 1053 782 viginti
1071 697 1143 761 mil·

62 792 106 855 lia
123 793 289 881 regiorum
304 812 384 854 caesa
400 789 606 866 reseruntur,
622 789 796 879 quingenti
812 815 851 854 ex
867 793 1057 859 victoribus.
1072 799 1142 864 Rex

62 893 152 981 ipse,
166 915 272 980 quum
285 892 414 980 navigio
428 914 608 955 conscenso
619 893 766 979 fugeret,
782 916 848 980 proe
862 895 1072 962 multitudine
1085 897 1144 964 ad·

63 994 251 1057 natantium
268 992 568 1079 insilientinmque‚
586 993 618 1054 in
635 992 711 1056 Nilo
728 994 876 1063 navicula
892 997 1049 1064 subsedit.

107 1095 295 1160 LXXXIII.
315 1093 477 1174 Cadaver,
495 1092 665 1180 expulsum
685 1090 858 1175 fluctibus,
876 1097 1020 1185 limoque
1037 1100 1140 1164 obru-

62 1210 152 1275 tum,
166 1195 289 1260 indicio
303 1217 409 1258 aureae
425 1193 532 1256 loricae
547 1209 712 1281 repertum
726 1217 734 1257 :
748 1216 822 1258 nam
839 1196 873 1260 id
888 1198 922 1261 in
938 1199 1023 1264 bello
1036 1218 1140 1290 gesta·

61 1319 140 1360 rnen
158 1314 228 1361 erat
243 1296 497 1360 Ptolemaeorum
514 1317 639 1383 regum.
659 1297 781 1376 Caesar,
802 1297 900 1361 lorica
913 1301 1139 1369 Alexandriam

60 1397 247 1485 promissa,
261 1419 338 1461 cum
351 1396 497 1482 equitatu
512 1395 619 1459 statim
636 1395 875 1483 subsequutus,
888 1423 946 1487 per
960 1403 1066 1469 media
1077 1406 1139 1470 ho·

61 1500 162 1563 stium
176 1499 327 1588 praesidia
339 1497 471 1561 intravit
482 1497 598 1561 urbem
613 1520 621 1560 :
635 1520 696 1561 nec
708 1498 814 1578 enim,
828 1500 940 1565 andito
955 1527 994 1567 eo
1009 1507 1138 1592 proelio,

60 1602 202 1689 amplius
223 1599 265 1666 de
289 1601 375 1664 bello
402 1599 601 1688 cogitaturos
624 1615 857 1685 prospexerat:
874 1618 972 1689 atque
995 1606 1041 1671 illi
1059 1631 1138 1697 snp-

60 1704 146 1790 plice
160 1717 250 1767 reste
269 1719 447 1791 gestuque,
464 1701 562 1765 sacris
579 1701 714 1788 prolatis
733 1703 906 1786 omnibus,
924 1729 1067 1793 quorum
1087 1734 1138 1776 re·

60 1803 181 1892 ligione
208 1802 375 1891 deprecari
401 1801 605 1866 offensorum
630 1825 744 1890 regum
771 1802 853 1868 uam
881 1829 1137 1891 consueverant,

60 1918 278 1969 oconmerunt
294 1904 428 1984 victori,
448 1901 590 1990 fideique
613 1902 684 1981 ejus
706 1904 776 1967 sine
796 1911 987 1998 exceptione
1009 1935 1044 1977 se
1064 1939 1139 2003 per·

60 2005 232 2083 miserunt.
247 2004 430 2069 Duodecim
445 2002 554 2067 adbuc
568 2022 769 2070 armatorum
784 2009 883 2073 millia
899 2028 1008 2095 erant,
1024 2037 1137 2080 naves·

59 2131 125 2195 que
143 2107 250 2196 longas
271 2106 485 2194 septuaginta.
505 2104 581 2169 llaec
597 2129 715 2170 norem
733 2109 834 2172 ferme
852 2115 1016 2179 mensium
1033 2119 1136 2207 spatio

58 2225 166 2299 gesta3
191 2209 277 2272 intra
297 2207 389 2295 quod
412 2223 540 2294 tempus
562 2208 648 2270 etin
668 2208 776 2279 Africa
797 2211 1004 2299 Pompeianae
1027 2235 1135 2303 partes

58 2310 268 2391 coaluerunt,
282 2324 316 2372 et
330 2309 512 2372 Pharnaces
529 2322 702 2396 paternum
722 2333 861 2399 regnum
878 2320 1090 2405 recuperavit.

102 2412 286 2477 LXXXIV.
299 2412 344 2476 M.
355 2413 450 2491 Cato,
464 2433 539 2474 curn
552 2411 677 2498 ingenti
693 2434 832 2478 numero
845 2417 976 2482 navium
992 2421 1135 2509 Corcyra

56 2512 242 2602 profectus,
260 2513 410 2600 Cyrenen
430 2513 585 2598 petierat,
607 2527 721 2599 estque
740 2532 888 2602 receptus
905 2542 922 2580 a
940 2521 1135 2608 Cyrenensi·

57 2614 136 2696 bus,
147 2636 340 2701 quanquam
358 2613 503 2677 Labieno
522 2612 638 2677 diebus
657 2615 783 2702 aliquot
800 2633 875 2683 ante
896 2620 1032 2686 advecto
1054 2649 1134 2713 por-

58 2732 104 2780 tas
120 2717 314 2781 clauserant.
334 2716 383 2779 Eo
405 2715 438 2776 in
457 2737 556 2779 cursu
580 2737 676 2778 naves
697 2716 739 2779 ad
759 2741 836 2782 eum
857 2741 1036 2805 venerunt,
1055 2750 1131 2792 cum

58 2818 126 2883 Sex.
153 2818 314 2905 Pompeio
342 2839 481 2879 noverca
506 2817 657 2881 Cornelia
684 2817 860 2885 crudeliter
885 2823 1047 2890 interfecti
1070 2830 1131 2892 viri

58 2920 144 2983 triste
163 2919 322 2982 nuntium
339 2917 514 3004 perferens.
537 2918 576 2981 ld
596 2919 764 3001 auditum,
783 2937 915 3010 totaque
934 2928 1033 2991 classe
1053 2953 1130 2996 nrox

58 3023 241 3112 vulgatum,
256 3022 303 3084 sic
317 3021 474 3083 exterruit
485 3021 629 3101 animos,
644 3037 680 3084 nt
691 3023 837 3110 plerique
849 3045 1037 3092 convertero
1048 3034 1127 3115 vela,

58 3143 154 3211 seque
164 3122 281 3187 victori
293 3122 481 3210 permittere
494 3123 687 3208 cogitarent,
699 3126 873 3206 exstincto,
888 3153 948 3217 pro
962 3154 1028 3218 qno
1039 3156 1128 3199 arnra

59 3223 224 3303 tulissent,
238 3222 408 3309 Pompeio.
423 3220 487 3285 Sed
500 3223 633 3286 Catonis
647 3225 794 3289 oratione
811 3232 953 3294 revocati
967 3251 1044 3298 sunt
1055 3238 1128 3322 plu·

58 3325 126 3388 rimi
140 3349 149 3389 ε
163 3347 238 3412 pars
254 3324 383 3410 (neque
398 3324 484 3387 enirn
500 3325 631 3389 retineri
646 3348 845 3414 quemquam
859 3331 998 3396 invitum
1009 3340 1125 3401 Catoni

57 3425 217 3513 placebat)
235 3426 269 3488 in
294 3425 420 3489 ltaliam
436 3426 639 3513 abnavigavit
654 3449 729 3489 cnm
751 3432 919 3512 Cornelia,
938 3436 990 3498 cui
1010 3438 1126 3504 nibila

56 3527 173 3592 victore
188 3525 404 3595 metuendum
417 3527 586 3590 constabat
597 3549 604 3590 :
615 3545 713 3614 atque
725 3552 761 3592 ea
773 3530 906 3613 deinde,
920 3539 1029 3602 nescio
1044 3564 1124 3629 quas

56 3626 200 3716 Pompeii
218 3627 371 3714 reliquias
389 3636 498 3708 nacta,
514 3627 661 3715 sepelivit
676 3631 708 3691 in
723 3631 861 3697 Albano.

86 3857 243 3921 §Lxxxlt
253 3858 310 3904 Dio.
324 3883 359 3892 --
373 3857 438 3903 Flor.
453 3859 498 3914 lv,
511 3875 536 3904 2.
547 3884 582 3893 —·
595 3859 659 3904 llirt.
673 3885 709 3892 -
722 3859 844 3907 l'lutarcb.
855 3863 880 3908 in
891 3864 951 3910 (Jaes.
966 3882 1019 3928 cap.
1034 3884 1076 3926 7²·
1089 3899 1123 3906 ..

54 3942 175 4000 otonvt,
188 3942 229 3989 16.
241 3968 277 3977 -
290 3941 346 3989 Lir.
356 3942 422 4006 Epit.
439 3970 473 3977 --
488 3941 504 4006 S
517 3944 662 3989 LXXXIII.
676 3942 781 4006 Capitol.
794 3945 819 3990 in
831 3948 932 3994 blaxInr.
944 3951 1003 3998 Jun.
1014 3978 1048 3985 -
1060 3955 1122 4002 llirt.

53 4052 84 4063 ·-
98 4025 163 4074 flor.
181 4053 216 4063 -
229 4028 303 4076 oros.
322 4054 357 4062 -
372 4027 480 4091 Appian.
492 4028 522 4076 B.
536 4026 590 4074 civ.
603 4025 647 4074 lib.
660 4029 693 4075 II.
714 4054 749 4063 -
766 4027 782 4090 §i
799 4029 941 4079 LXXXIV.
957 4033 1077 4084 Plutarch,
1096 4037 1122 4085 i„

52 4108 103 4159 Cet.
118 4126 174 4175 cap.
191 4111 254 4167 1323
269 4111 336 4160 idem
347 4111 374 4158 in
387 4113 475 4176 Pomp.
491 4139 524 4149 -
536 4109 594 4158 Dio.
604 4138 639 4147 -
649 4112 739 4158 Lucan.
752 4113 802 4167 tx,
817 4113 858 4165 34.

150 4208 211 4274 IX.
933 4206 952 4274 3
