2686 4822
307 374 363 441 IN
395 371 507 440 LOC.
535 372 631 443 LIB.
658 370 771 440 CXII
803 371 1017 440 LIVIANI.
1144 370 1198 445 '35

132 502 307 584 receperat3
327 491 447 557 deinde
464 493 498 555 in
520 492 661 556 Pontum
679 513 875 572 conversus,
895 492 1017 579 Sinope
1033 510 1101 557 erat
1114 497 1198 582 poti-

132 614 195 680 tus;
216 612 334 684 atque,
351 596 510 659 invitante
529 616 698 675 successu,
716 616 775 682 per
792 593 973 657 absentiam
991 593 1132 673 Dejotari
1147 620 1198 660 re·

130 701 190 790 gis,
213 696 403 763 Armeniam
427 696 611 777 Minorem,
642 709 676 759 et
703 695 943 784 Cappadociam
973 695 1199 762 Arisbas-ranis

130 821 282 890 regnum,
302 814 428 862 vastare
451 813 550 884 atque
566 818 727 883 occupare
743 812 902 884 coeperat3
929 819 1032 884 quum
1055 798 1201 878 Deiotari

130 901 298 990 precibus,
313 915 347 964 et
361 899 594 964 Amisenorum
610 898 775 985 periculo,
794 898 853 984 qui
871 898 1001 962 interim
1018 900 1201 988 oppugnari

131 1004 332 1091 septiforem
347 1024 367 1064 a
382 1000 566 1081 Pharnace,
582 998 745 1063 Domitius
764 999 917 1062 Calvinus
933 1000 1075 1082 excitus,
1096 1001 1199 1066 Pher·

131 1125 241 1166 racem
256 1101 421 1166 abstinere
438 1101 604 1165 sociorum
627 1101 736 1190 regnis
749 1100 860 1182 jussit,
884 1122 952 1187 quo
970 1102 1044 1189 plus
1060 1105 1201 1168 auctori·

131 1205 201 1268 atis
213 1202 419 1268 denuntiatio
432 1201 583 1283 haberet,
592 1224 669 1266 cum
682 1201 837 1265 omnibus
851 1201 952 1289 copiis
967 1202 1200 1291 subsequutus.

171 1303 386 1369 LXXXVIII.
399 1303 454 1366 Ee
467 1303 661 1366 constabant
672 1325 711 1366 cx
721 1300 850 1392 legione
860 1303 1021 1386 XXXVI,
1035 1327 1133 1392 quam
1150 1329 1202 1371 so·

133 1406 192 1469 lam
204 1406 402 1486 retinuerat,
414 1404 541 1469 duobus
557 1405 597 1469 ad
615 1407 774 1469 Caesarem
787 1405 912 1487 missis;
926 1404 1120 1495 duabusque
1135 1410 1201 1473 De-

131 1506 222 1588 iotari
239 1507 436 1596 legionibus,
449 1528 530 1593 quas
548 1508 601 1571 ille
617 1528 791 1571 romanum
808 1507 841 1571 in
857 1530 949 1571 more
962 1526 1134 1575 marmatas
1152 1512 1203 1575 iu·
1277 1499 1280 1505 ¹

132 1611 323 1698 stitutasque
331 1609 397 1689 jam
409 1631 428 1671 a
439 1608 661 1696 compluribus
673 1609 766 1672 annis
780 1607 929 1673 habebat.
942 1611 1001 1674 His
1013 1612 1147 1676 accessit
1162 1635 1202 1677 ex

134 1711 353 1777 tumultuariis
372 1711 529 1775 militibus
544 1712 579 1773 in
597 1710 707 1774 Ponto
725 1710 873 1774 confecta
893 1711 994 1800 legio,
1019 1735 1095 1776 curn
1111 1716 1204 1777 auxi·

135 1814 182 1878 liis
209 1814 369 1894 Cilicum,
396 1829 429 1877 et
461 1828 594 1878 centum
626 1812 784 1891 Dejotari,
810 1811 948 1876 totidem
976 1813 1203 1880 Ariobarzanis

135 1916 309 2005 equitibus.
329 1915 527 1995 Pharnaces,
548 1912 691 1977 adventu
710 1913 847 1978 Domitii
863 1914 1028 2002 paulisper
1050 1916 1202 1998 territus,

135 2016 262 2082 lmudes
278 2038 472 2104 moramque
488 2011 634 2096 nectere,
653 2015 891 2103 Cappadociam
908 2015 1040 2107 longius
1059 2016 1206 2081 dissitam

136 2118 311 2201 dimittere,
325 2142 392 2183 non
410 2118 573 2182 dimittere
588 2118 794 2197 Armeniam,
810 2115 953 2205 denique
967 2119 1149 2206 postulare,
1165 2134 1209 2183 ut

135 2221 248 2286 Caesari
261 2243 313 2285 res
324 2221 448 2310 integra
467 2234 623 2283 servetur.
635 2221 679 2283 At
689 2218 871 2301 Domitius,
884 2219 1058 2310 indignum
1071 2221 1205 2285 nomine

137 2323 267 2389 (laseris
290 2339 323 2386 et
348 2322 462 2411 populi
484 2321 610 2385 romani
627 2336 767 2408 putans,
787 2320 1003 2386 intermittere
1025 2321 1205 2411 expeditio-

138 2446 228 2507 nem,
241 2439 275 2488 et
283 2426 471 2511 Bosporano
482 2424 666 2510 relinquere
681 2423 840 2511 praedam,
850 2423 1026 2512 Nicopolin
1037 2425 1205 2512 processit,

139 2526 297 2591 Armeniae
312 2525 449 2589 Minoris
466 2523 635 2612 oppidum.

176 2627 361 2692 LXXXIX.
381 2627 431 2689 Ibi
453 2649 555 2714 quum
579 2639 683 2709 castra
698 2625 803 2689 vicina
820 2625 972 2689 hostibus
987 2626 1140 2709 haberet,
1154 2627 1203 2691 fa-

139 2745 226 2794 cturn
245 2742 311 2810 est,
325 2743 364 2790 ut
380 2750 420 2791 ex
436 2727 536 2791 literis
554 2726 759 2813 interceptis,
778 2729 935 2790 Caesarem
952 2726 985 2789 in
1001 2749 1120 2815 magno
1134 2750 1204 2791 esse

140 2829 338 2904 discrimine,
352 2827 534 2891 Pharnaces
552 2826 712 2890 disceret:
730 2825 852 2891 idcirco
869 2827 1020 2892 futurum
1036 2845 1143 2910 ratus,
1166 2844 1205 2893 ut

140 2931 273 2994 omnino
298 2927 464 2993 discedere
492 2928 654 2992 Domitius
681 2945 837 3017 cogatur,
868 2928 1018 2993 trahendi
1048 2932 1204 3018 temporis

141 3055 250 3114 causa,
261 3033 331 3097 sine
345 3030 542 3095 detrimento
559 3031 775 3112 auctoritatis,
793 3053 963 3117 nunquam
980 3032 1110 3120 longius
1128 3055 1206 3120 pro·

142 3134 231 3199 duxit
245 3134 374 3222 copias,
388 3132 486 3221 quam
502 3131 611 3219 quoad
628 3133 737 3214 fossae,
755 3132 876 3219 quibus
895 3133 937 3195 ab
953 3148 1093 3219 utroque
1108 3133 1207 3199 latere

141 3238 248 3302 locum
271 3236 471 3316 muniverat,
488 3235 729 3322 pertingerent:
748 3235 951 3320 equitatum,
968 3257 1035 3321 quo
1059 3250 1128 3297 erat
1151 3259 1208 3299 su·

141 3340 265 3427 perior,
289 3353 378 3401 extra
405 3337 505 3400 fossas
533 3335 682 3399 habebat.
711 3336 753 3398 Et
778 3336 936 3423 processit
957 3337 986 3399 ei
1010 3336 1206 3401 consilium:

143 3442 260 3529 quippe
273 3438 455 3518 Domitius,
468 3460 572 3525 φωηι
585 3437 703 3500 morari
721 3435 842 3499 diutius
860 3459 928 3499 non
945 3453 1072 3524 posset,
1091 3438 1209 3503 infecta

143 3564 177 3605 re
193 3539 360 3606 discedere
376 3555 472 3627 turpe
488 3549 634 3626 putaret,
648 3538 763 3625 iniquo
779 3538 852 3601 loco
870 3539 1107 3627 improspcrum
1127 3564 1209 3629 prte-

144 3644 221 3707 lium
237 3643 323 3706 fecit.

184 3746 251 3809 XC.
268 3743 404 3808 Pontica
421 3741 506 3831 legio
522 3757 588 3805 tota
606 3743 707 3803 l'crnrc
724 3740 845 3803 interiit
859 3761 866 3803 :
880 3740 1023 3820 Dejotari
1040 3742 1140 3828 copiae
1156 3742 1208 3805 vix

1051 3920 1059 3942 1

178 3989 363 4055 §lxxxvii
374 3989 454 4036 Strab.
469 3990 614 4034 -Sueton
627 3987 652 4032 in
667 3987 728 4033 Caes.
743 4002 797 4048 cap.
809 3986 850 4033 35.
865 4012 900 4021 -
916 3986 1024 4048 Appian.
1044 3983 1157 4031 Mithrid.
1176 4010 1210 4021 -

144 4072 200 4120 Dio.
209 4100 244 4109 —
255 4073 319 4118 Ilitt.
331 4071 361 4117 de
374 4073 402 4118 Il.
414 4071 486 4119 Alex.
497 4087 551 4134 cap.
563 4070 604 4117 36.
615 4096 646 4105 ο
656 4070 748 4118 Lucan.
759 4071 781 4114 X
792 4102 797 4124 ,
810 4077 840 4127 9².
848 4087 869 4114 r.
883 4096 917 4103 m
929 4067 945 4132 5
959 4069 1102 4115 LXXXIX.
1112 4069 1168 4114 Ilio.
1179 4092 1212 4106 -a

145 4156 208 4204 IIirt.
219 4183 252 4194 -
263 4156 317 4203 Lis.
325 4155 392 4219 spir.

1004 4245 1041 4313 3.
