2686 4822
234 339 280 421 aa
393 337 852 407 serumserum
884 337 1141 405 surrenti.

234 472 397 545 «potestas
413 474 480 539 est,
496 457 569 544 quis
585 455 728 537 dubitet,
746 456 827 543 quin
843 456 950 520 omnis
966 479 985 519 a
1004 455 1100 519 nobis
1119 471 1243 520 statura
1264 460 1309 523 sit

231 576 368 623 «contra
391 558 655 623 scelestissimum
683 556 901 645 parricidam?
925 558 1035 639 Quare
1062 557 1144 620 mihi
1168 554 1306 645 quidem

230 660 351 724 «stulte
363 659 519 748 delegisse
530 659 641 723 locum
652 657 799 740 videtur,
811 658 868 745 qui
880 659 980 745 patris
997 658 1190 723 memoriam
1204 660 1307 726 ullam

230 761 390 825 «retineat
408 784 416 825 :
436 761 521 841 hec,
539 760 608 824 haec
624 759 756 823 nefandi
771 760 922 823 facinoris
942 760 1139 824 conscientia
1156 760 1307 828 saucium

230 862 426 951 «exagitabit
437 863 599 944 animum,
610 863 744 926 consilia
757 861 935 944 emovebit,
945 861 1112 926 audaciam
1124 861 1305 952 deprimet3

228 995 242 1021 a
252 964 316 1027 hoc
330 963 359 1027 ei
370 964 444 1026 loco
454 963 651 1028 Mithridatis
664 979 838 1039 occurrent
849 963 991 1045 umbrae,
1007 964 1200 1053 hominique
1211 963 1307 1030 dam·

228 1081 330 1128 «nato
356 1081 388 1129 et
413 1064 637 1153 deprehenso,
668 1064 913 1152 vindictamque
938 1081 1131 1153 praesentem
1158 1088 1305 1153 praesen·

228 1167 361 1249 «tienti,
381 1190 543 1248 errorem,
561 1167 873 1249 consternationem,
895 1167 1070 1231 amentiam
1091 1166 1185 1230 furies
1201 1166 1305 1255 patris

228 1269 445 1358 «impingent.

270 1370 392 1433 XVIII.
409 1400 422 1425 α
433 1368 475 1432 Et
485 1369 554 1433 haee
571 1368 722 1457 quidem,
737 1370 814 1457 quia
825 1371 949 1434 viribus
963 1370 1115 1434 humanis
1129 1370 1303 1457 superiora

225 1501 240 1528 ι
250 1471 333 1553 sint,
354 1470 535 1558 quamlibet
551 1470 718 1560 egregium
735 1471 873 1553 dejicere
891 1472 1119 1562 imperatorem
1137 1488 1302 1560 possent:

225 1572 445 1653 «Pharnaces,
463 1594 572 1660 neque
591 1572 656 1635 ulla
676 1594 713 1636 re
732 1595 849 1662 magna
869 1590 975 1663 gesta,
992 1596 1100 1662 neque
1122 1575 1223 1661 patri,
1242 1575 1302 1664 qui

225 1689 358 1737 «tamen
383 1673 480 1737 toties
504 1696 523 1736 a
544 1666 682 1737 romano
706 1674 807 1738 milite
822 1675 927 1759 victus
948 1691 1014 1758 est,
1040 1674 1300 1763 comparandus,

224 1806 239 1833 ι
248 1777 337 1839 furto
346 1823 355 1856 ,
365 1799 465 1863 quam
476 1774 581 1857 bello,
592 1775 707 1841 melior
716 1824 725 1856 ,
735 1792 768 1839 et
777 1775 873 1839 sociis
882 1775 993 1864 potius
1003 1774 1186 1858 timendus,
1199 1800 1301 1866 quam

223 1876 350 1957 «hosti,
367 1875 550 1964 quodcum
571 1877 716 1941 Domitio
737 1877 860 1941 tirones
876 1874 1035 1960 ducente,
1053 1893 1086 1942 et
1108 1878 1189 1942 meis
1212 1895 1300 1946 tem·

222 1978 380 2066 «poribus
402 1978 555 2041 festinare
578 1993 690 2041 contra
712 1978 790 2042 belli
811 1978 971 2042 rationem
995 1994 1125 2059 coacto,
1148 1980 1299 2068 praelium

222 2103 438 2169 «prosperum
456 2081 549 2161 lecit,
569 2095 627 2143 aut
648 2080 773 2143 viribus
792 2081 859 2144 suis
880 2094 937 2142 aut
955 2079 1106 2143 felicitate
1128 2078 1301 2147 confidat?

220 2181 412 2263 «Quantula
429 2181 516 2245 enim
535 2181 605 2262 illa,
622 2181 649 2244 si
665 2180 775 2244 omnia
789 2196 936 2268 reputes,
953 2179 1106 2262 victoria,
1127 2197 1184 2244 aut
1202 2183 1299 2264 cujus

220 2282 325 2347 «adeo
348 2281 453 2346 laudis
478 2282 565 2346 luit?
589 2283 634 2346 Ut
654 2283 742 2346 enim
767 2281 809 2345 de
835 2304 871 2345 ea
893 2282 1005 2369 paucis
1028 2282 1204 2366 disseram,
1230 2307 1298 2351 una

219 2415 232 2438 α
243 2407 338 2449 causa
355 2406 505 2464 moveor,
521 2405 563 2446 ne
581 2385 665 2447 forte
681 2382 816 2471 quidam
833 2404 967 2464 eorum,
982 2383 1040 2471 qui
1054 2384 1297 2471 interfuerunt,

220 2486 366 2549 «viribus
379 2485 541 2566 hostium,
554 2500 611 2548 aut
624 2483 798 2573 prudentia
811 2486 894 2574 regis
907 2508 941 2548 se
956 2486 1060 2550 victos
1076 2486 1297 2556 arbitrentur:

218 2609 317 2651 «nam
334 2588 501 2675 plerique,
519 2588 594 2652 satis
614 2589 709 2669 novi,
726 2588 883 2651 memoria
901 2610 1019 2676 pugnas
1035 2588 1147 2670 istius,
1165 2613 1235 2654 non
1253 2590 1296 2656 ed

217 2720 231 2745 ι
240 2689 402 2770 umorem,
414 2688 472 2752 sed
483 2689 582 2770 iram,
596 2688 654 2752 sed
666 2688 878 2776 cupiditatem
888 2687 1035 2770 ultionis,
1048 2688 1105 2752 sed
1116 2688 1294 2778 impatien-

216 2822 230 2846 κ
240 2791 318 2854 tiam
333 2815 446 2871 morae,
459 2807 727 2872 commoventur,
740 2790 775 2852 hi
791 2787 925 2877 quidem
936 2790 1082 2853 veterani
1097 2791 1159 2854 mei
1178 2790 1295 2878 (sextoe

215 2893 375 2982 «legionis
391 2892 508 2956 milites
528 2892 704 2966 innuebat)
723 2892 764 2954 ab
782 2892 863 2972 hoc,
882 2891 967 2955 sicut
982 2892 1105 2956 ceteris
1122 2893 1293 2978 hostibus,

216 2995 369 3075 «invicti,
389 3016 497 3081 neque
513 2994 575 3057 ista
593 2993 924 3074 commemoratione,
947 3016 1054 3081 neque
1073 2994 1212 3059 omnino
1233 3020 1293 3062 co·

167 3123 168 3127 ’
215 3097 422 3162 «hortatione
440 3120 512 3160 mea
528 3094 688 3184 indigent.

258 3201 348 3264 XIX.
366 3230 380 3255 a
390 3199 453 3263 Sed
468 3216 501 3263 et
514 3214 602 3262 sextu
615 3214 647 3261 et
657 3197 819 3262 tricesima
831 3199 915 3288 legio
929 3198 996 3263 sola
1011 3197 1168 3262 sustinuit
1181 3214 1292 3265 totum

213 3331 227 3356 «
236 3303 414 3365 exercitum
428 3301 531 3389 regis,
546 3315 594 3381 et,
608 3300 733 3363 amissis
744 3300 873 3386 paucis,
889 3299 1009 3363 fmstra
1023 3298 1181 3386 impedire
1193 3321 1293 3365 cona-

213 3404 278 3467 «tis
297 3403 466 3483 hostibus,
487 3425 539 3484 se,
559 3424 626 3490 quo
645 3402 767 3482 voluit,
785 3402 916 3489 recepit.
939 3399 1040 3483 Quod
1063 3416 1173 3463 autem
1195 3422 1290 3465 aoce-

131 3494 134 3499 ’
211 3521 328 3594 «ptum
351 3519 399 3568 est
423 3502 627 3585 detrimenti,
655 3526 764 3590 neque
787 3502 944 3567 militibus
968 3500 1199 3590 imputandum
1223 3517 1292 3585 est,

210 3629 342 3694 cneque
362 3605 454 3668 ducis
477 3604 664 3692 imperitiae,
682 3628 790 3693 neque
809 3605 983 3669 Pharnacis
1007 3621 1063 3668 aut
1087 3602 1291 3691 prudentiae,

211 3725 290 3773 «aut
307 3707 441 3771 viribus.
462 3706 544 3788 Quae
563 3707 662 3794 igitur
678 3729 775 3770 causa
789 3707 882 3770 istius
898 3706 1076 3795 ignominia
1088 3705 1172 3769 fuit?
1189 3706 1292 3771 Tem·

210 3832 312 3899 «pora
330 3831 418 3890 mea,
437 3824 475 3871 ut
489 3806 642 3895 praedixi,
653 3823 685 3871 et
702 3808 814 3889 locus,
831 3809 888 3897 qui
906 3823 974 3871 erat
990 3830 1051 3893 pro
1070 3805 1241 3889 hostibus,
1255 3824 1292 3872 et

210 3944 223 3968 ιι
233 3911 324 3999 quod
338 3909 455 3975 reverti
464 3909 626 3972 Domitius
640 3931 707 3972 non
723 3925 843 3972 tentata
856 3930 967 3998 pugna
979 3907 1188 3988 indecorum,
1201 3930 1291 3974 cotu-

243 4116 259 4181 S
274 4117 356 4163 xvtt.
371 4114 480 4179 Appisn.
494 4113 608 4163 Mithrid.
617 4123 642 4161 et
652 4113 708 4164 Civ.
721 4112 765 4161 lib.
781 4115 815 4161 11.
