2686 4822
275 361 331 431 ΙΝ
362 362 475 432 LOC.
503 360 595 427 LIB.
623 359 753 426 CXIII
785 360 999 428 lemut.
1126 359 1173 454 39

95 500 197 571 atque
212 482 369 572 Hispania
386 504 455 546 non
469 479 717 546 contemnende
731 480 1004 568 Pompeianorum
1018 480 1101 543 vires
1115 504 1169 543 ro-

95 584 292 648 alescebaut.
319 586 389 648 larn
411 583 454 647 ad
477 598 611 646 caeteros
631 581 752 663 duces,
777 583 892 669 quiin
916 581 1059 646 Africam
1081 599 1172 645 eraut
1216 638 1224 643 .

97 686 291 767 transvecti,
301 686 384 748 Cato
397 699 605 772 pervenerat,
619 683 754 771 ejusque
766 683 922 770 sapientia
936 700 969 746 et
981 685 1173 749 auctoritate

95 807 150 848 res
165 785 211 849 ibi
224 809 265 849 ex
280 785 412 849 incertis
422 785 576 872 variaque
592 785 800 849 aemulatione
813 782 909 848 fluxis
923 785 1107 848 constitutae
1120 785 1173 848 lir-

96 903 259 974 ruataeque
275 904 388 953 erant:
408 888 532 976 quippe
540 886 577 951 P.
585 888 706 968 Varus,
721 885 813 974 quod
826 908 861 948 se
869 885 995 966 jamdiu
1008 887 1173 973 praefuisse

95 988 231 1069 aines,
251 990 445 1076 sociumque
465 988 608 1052 victoriae
628 989 721 1052 lubae
739 988 879 1069 ferebat,
904 988 1036 1051 nolebat
1054 988 1173 1054 nobili-

96 1089 155 1152 tati
177 1088 396 1178 dignitatique
414 1090 450 1153 L.
467 1089 628 1177 Scipionis
645 1090 847 1153 concedere:
870 1106 902 1153 et
924 1091 1017 1155 lubae
1034 1108 1174 1178 uterquc

94 1190 308 1273 adulabatur,
325 1191 359 1254 in
378 1191 442 1255 hoc
461 1191 601 1254 maxima
619 1191 688 1279 spei
706 1206 796 1278 parte
816 1191 975 1277 reposita;
994 1192 1172 1278 superbus·

94 1315 163 1379 que
178 1315 237 1357 rex
255 1316 316 1358 suo
333 1293 487 1382 ingenio,
511 1315 552 1355 eo
568 1310 760 1381 pervenerat
778 1293 988 1380 arrogantiae,
1012 1308 1051 1354 ut
1065 1293 1172 1379 primo

92 1415 277 1483 congressu
289 1395 447 1475 Catonis,
471 1394 557 1458 inter
577 1395 668 1458 hunc
686 1411 718 1458 at
737 1394 924 1481 Scipionem
943 1393 1070 1457 medius
1092 1419 1173 1459 con-

93 1494 227 1561 sideret.
1165 1500 1171 1507 ”

140 1598 180 1660 V.
196 1596 262 1662 Sed
280 1599 380 1679 Cato,
399 1620 466 1661 non
483 1597 591 1660 ferens
609 1596 774 1685 publicam
792 1595 1023 1683 ignominiam,
1039 1596 1072 1658 in
1092 1597 1172 1660 alte-

92 1720 170 1762 rum
181 1698 265 1763 latus
279 1698 445 1763 transtulit
457 1698 568 1762 sellam
583 1721 693 1772 suam,
708 1698 961 1785 Scipionemque
977 1698 1011 1760 in
1027 1697 1170 1761 medium

90 1800 235 1889 accepit,
253 1822 443 1888 quanquam
468 1796 607 1863 infidum
625 1799 794 1863 hominem
818 1815 851 1863 et
872 1799 1047 1887 iniquum,
1064 1815 1096 1862 et
1113 1802 1172 1886 qui

59 1983 62 1988 Ι
92 1916 188 1964 tanto
215 1899 359 1964 melioria
387 1900 449 1964 viri
470 1902 590 1963 famam
614 1902 711 1964 etiam
738 1900 860 1988 scripto
888 1900 978 1965 edito
1003 1914 1172 1965 attrectare

93 2021 163 2062 non
188 2002 296 2065 suem
317 2001 449 2066 veritus.
475 2000 540 2065 Sed
563 2016 596 2065 et
621 2017 735 2090 postea
754 2002 977 2068 deicientibus
996 2005 1170 2091 imperium

89 2100 266 2180 omnibus,
291 2102 398 2165 noluit
421 2103 585 2190 accipere,
606 2118 696 2191 turpe
702 2103 864 2195 saturnin
885 2104 1056 2187 dictitans,
1072 2109 1172 2192 sipro

90 2199 212 2287 legibus
229 2202 403 2282 dimicans,
424 2221 537 2268 contra
559 2205 642 2292 leges
663 2209 853 2293 unpemret:
863 2207 1071 2295 praesentebus
1089 2209 1171 2271 eitun

89 2304 327 2386 consularibus,
345 2309 498 2395 inperare
504 2319 675 2396 praetorem
688 2334 751 2373 non
762 2324 912 2398 oportere.
924 2312 1171 2392 Insistentibus,

92 2405 257 2494 utigitur,
272 2425 397 2495 aequata
419 2433 495 2473 cum
515 2409 667 2498 Scipione
688 2427 866 2498 potestate,
882 2429 1034 2499 praeesset
1051 2413 1169 2495 rebus,

91 2505 128 2570 id
150 2530 285 2596 quoque
308 2512 485 2592 recusavit,
509 2511 650 2592 addens,
670 2513 763 2575 unius
783 2513 933 2598 auspiciis
952 2512 1174 2577 adrninistrari

90 2611 203 2672 omneis
214 2610 387 2676 consultius
401 2636 473 2676 esse.

136 2711 192 2776 Vl.
205 2713 259 2777 Sic
276 2712 317 2777 ad
333 2715 520 2802 Scipionem
532 2737 661 2777 summa
677 2737 787 2778 rerum
807 2713 917 2793 rediit,
930 2716 1071 2778 nominis
1085 2738 1168 2802 quo·

92 2835 157 2899 que
172 2814 283 2878 favore
300 2814 466 2896 adjutum,
480 2816 669 2904 bellunique
684 2832 769 2879 terra
785 2816 932 2902 marique
950 2815 1039 2879 haud
1059 2817 1167 2905 segni·

92 2931 142 2978 ter
160 2919 308 3005 apparari
329 2935 484 3006 coeptum.
505 2919 589 2981 Nam
611 2935 644 2981 ct
659 2919 798 2982 Siciliam
815 2915 1063 3003 Sardiniamque
1087 2919 1168 2982 inle-

90 3017 220 3081 stabant
236 3019 407 3101 classibus,
421 3036 595 3108 captasque
614 3043 710 3083 naves
728 3019 976 3099 abstrahebant,
989 3043 1078 3083 arma
1091 3043 1168 3108 prae-

89 3119 187 3206 cipue
207 3137 239 3183 et
263 3122 387 3185 ferrum
413 3139 611 3209 quaerentes,
630 3122 751 3209 quibus
773 3121 872 3185 rebus
897 3122 1056 3208 egebant3
1078 3138 1110 3184 et
1132 3123 1165 3185 in

89 3219 214 3303 Ali-im,
230 3221 393 3310 quidquid
411 3223 582 3288 adversum
598 3224 745 3310 partibus
758 3222 941 3304 videbatur,
954 3222 1066 3286 validis
1084 3247 1166 3310 prae·

90 3320 180 3386 sidiis
195 3324 420 3412 occupabant3
434 3342 491 3389 aut
506 3326 590 3388 vires
609 3324 750 3388 nocendi
769 3324 984 3388 detrahebant
998 3326 1166 3411 suspectis.

90 3424 232 3490 Maxime
254 3429 474 3491 consultatum
496 3443 545 3492 cst
565 3427 606 3491 de
627 3427 739 3509 Utica,
760 3427 930 3514 praevalida
953 3427 1052 3508 urbe,
1077 3442 1109 3490 et
1131 3427 1165 3490 iu

89 3541 197 3612 partes
224 3528 356 3591 casaris
381 3530 546 3616 proniore.
576 3529 819 3593 lulensissimus
847 3529 1056 3593 Uticensibus
1083 3532 1165 3594 luba

90 3645 174 3705 erat,
198 3652 320 3717 eosque
339 3630 469 3695 concidi
487 3654 622 3709 ornnes,
647 3631 763 3694 urbem
783 3633 853 3696 solo
873 3632 994 3719 aequari
1007 3632 1165 3713 jubebat3

89 3729 263 3816 caeterique
276 3747 368 3794 metu
379 3748 436 3795 aut
448 3733 665 3797 assentatione
677 3733 902 3797 concedebant
908 3723 945 3796 in
958 3736 1162 3798 sententiam.

134 3826 206 3892 Vll.
224 3829 273 3892 Ibi
288 3832 386 3911 Cato,
400 3835 537 3897 summis
550 3833 675 3897 viribus
692 3835 845 3919 obnisus,
863 3836 987 3900 salvum
1004 3836 1164 3924 oppidum

126 4034 317 4106 §1V.ltppian.
330 4042 421 4090 Μὶν.
435 4044 478 4090 lib.
494 4046 526 4089 11.
546 4070 578 4079 -
594 4045 647 4090 Liv.
659 4046 726 4108 Epir.
740 4073 774 4081 -—
789 4048 846 4093 Dio.
862 4074 888 4082 -
907 4047 970 4094 Plut.
981 4046 1006 4091 in
1019 4046 1072 4094 sat.
1083 4064 1104 4095 c.
1121 4048 1163 4096 83.

91 4148 125 4157 -·
140 4119 156 4185 §
166 4123 197 4172 V.
208 4125 265 4172 llio.
275 4126 376 4172 —Velb
386 4129 424 4184 11,
435 4127 476 4183 54.
492 4156 525 4163 -
534 4128 598 4175 Plui.
608 4156 641 4166 -
650 4129 702 4177 Liv.
713 4131 780 4195 Epir.
839 4130 854 4194 S
867 4131 910 4178 vl.
921 4131 975 4178 Liv.
987 4130 1051 4195 Epir.
1062 4157 1095 4166 -··
1104 4131 1162 4180 Dio.
