2686 4822
317 368 373 438 IN
405 368 518 438 LOC.
546 368 640 437 LIB.
669 369 780 437 CXII
813 371 1027 440 LIVIANI.
1160 375 1198 448 31

128 493 198 556 hoc
214 491 244 555 ei
261 510 383 555 nomen
402 489 645 579 imposuerant,
662 506 700 553 ut
720 511 796 578 rege
810 506 990 580 prognatus
1008 493 1206 561 existimare-

130 609 197 657 tur.
214 592 312 656 Certe
334 590 556 672 Mithridates,
574 613 679 678 quum
692 591 839 680 Pergami
856 614 1007 682 magnam
1024 597 1206 663 tetrarchici

128 694 262 785 generis
276 710 416 784 stragem
429 693 599 772 edidisset,
611 694 703 758 hunc
714 695 887 781 parvulum
901 717 969 758 non
983 697 1122 760 servarit
1133 714 1207 762 tan·

130 814 222 877 tum,
236 796 295 861 scd
315 812 348 860 et
367 795 601 883 transportavit
623 817 734 860 secum
752 794 789 858 in
807 811 926 877 castra,
948 798 1136 887 multosque
1150 823 1208 888 per

129 922 236 963 annos
254 897 435 986 disciplinis
446 898 544 987 regiis
560 896 767 961 educandum
784 899 919 963 curavit.

173 1001 340 1066 LXXVII.
355 999 419 1064 Sed
431 999 500 1081 hic,
518 1000 602 1063 ostio
615 998 784 1063 Pelusiaco
796 1016 934 1063 conatus
948 999 1093 1088 ingredi,
1103 1024 1206 1090 quum

131 1102 173 1165 ab
188 1103 335 1193 egyptiis
349 1101 485 1165 navibus
501 1099 747 1189 prohiberetur,
762 1101 905 1188 perrexit
920 1099 961 1164 ad
975 1101 1111 1181 fossam,
1128 1126 1209 1191 qua·

131 1204 217 1269 libus
228 1227 267 1269 ea
278 1203 370 1293 regio
383 1203 511 1283 multis,
527 1225 566 1265 ex
583 1224 680 1265 amne
693 1201 840 1289 principe
855 1199 1022 1284 deductis,
1037 1201 1207 1292 irrigatur3

131 1320 229 1394 atque
247 1307 282 1369 in
301 1328 373 1370 eam
390 1305 551 1368 translatis
565 1303 703 1367 navibus
718 1302 800 1391 (nec
814 1304 902 1368 enirn
921 1303 962 1368 ad
981 1328 1069 1370 mare
1084 1308 1208 1394 pertin·

134 1407 244 1498 gebat,
259 1406 318 1472 sed
334 1406 453 1469 iterum
469 1404 503 1469 in
523 1403 645 1468 flumen
665 1419 734 1468 erat
750 1405 897 1492 aversa),
917 1405 992 1471 Nilo
1009 1405 1110 1470 fluvio
1128 1408 1208 1471 sub·

135 1525 262 1590 rectus,
288 1507 455 1572 Pelusium
479 1507 579 1570 venit.
609 1505 661 1570 Ibi
693 1529 798 1595 quum
822 1508 926 1596 pacati
954 1509 1209 1597 responderetur

135 1610 210 1674 nihil
225 1608 376 1698 (firmum
390 1608 478 1672 enim
491 1606 677 1696 praesidium
689 1608 828 1673 Achillas
840 1608 885 1672 ibi
899 1609 1147 1698 collocaverat),
1166 1634 1206 1677 ex

135 1712 247 1776 itinere
256 1709 537 1800 oppugnationem
549 1731 654 1789 orsus,
665 1708 780 1773 eodem
794 1709 846 1774 die
856 1710 1016 1797 oppidum
1029 1711 1208 1801 pugnando

136 1813 227 1901 cepit.
244 1811 387 1901 Insignis
404 1811 439 1874 in
458 1833 496 1874 ea
512 1811 648 1875 victoria
658 1826 797 1896 totoque
810 1809 929 1874 deinde
941 1811 1028 1876 bello
1044 1811 1109 1875 fuit
1120 1812 1209 1876 Anti·

136 1915 212 2002 patri
224 1936 342 2003 opera,
359 1913 434 2001 qui,
446 1913 487 1977 ab
499 1913 653 2000 Hyrcano
667 1912 771 1975 tribus
790 1913 805 1975 J
809 1911 978 1976 udreorum
993 1912 1138 1977 millibus
1152 1912 1209 1977 ad·

137 2015 252 2098 ductis,
263 2014 390 2104 primus
400 2035 590 2094 murorum,
605 2035 678 2100 quae
690 2013 752 2101 ipsi
763 2029 932 2095 evenerat,
943 2031 1068 2101 partem
1080 2013 1208 2095 dejecit.

176 2117 359 2182 LXXVIII.
370 2114 463 2180 Idem
474 2131 508 2179 et
516 2114 636 2179 Arabas
647 2115 793 2202 hospites
805 2137 900 2196 suos,
914 2116 1097 2203 Soaemique
1106 2115 1209 2181 filium

136 2217 365 2299 Ptolemaeum,
386 2233 420 2281 et
437 2216 655 2280 lamblichum
675 2217 824 2305 regulos,
848 2217 1034 2304 multasque
1056 2233 1209 2305 praeterea

136 2320 291 2410 Syrorum
306 2320 452 2383 ciuitates
464 2318 506 2383 ad
519 2316 679 2383 mittenda
692 2316 875 2382 Mithridati
892 2318 1009 2381 auxilia
1023 2319 1209 2407 impulerat.

136 2423 297 2487 Ceterum
323 2421 443 2486 deinde
467 2421 529 2485 iter
555 2419 597 2483 ad
620 2422 780 2483 Caesarem
805 2417 1019 2482 contendenti
1044 2422 1209 2507 pacatius,

136 2538 249 2610 preter
261 2532 386 2585 nomen
406 2519 558 2600 Cresaris,
575 2518 852 2583 etauctoritatem
865 2518 1026 2599 victoriae,
1041 2517 1127 2585 idern
1143 2525 1211 2585 An·

136 2623 251 2711 tipater
264 2622 431 2710 prestitit,
449 2620 620 2710 AEgyptios
636 2620 766 2684 Judaeos
784 2636 963 2709 conspectu
978 2642 1056 2702 suo,
1076 2638 1109 2685 et
1127 2646 1212 2711 pon·

137 2723 228 2789 tificis
243 2738 376 2787 ostensa
385 2723 537 2812 epistola,
547 2723 582 2786 in
593 2739 699 2811 partes
709 2720 940 2811 pertrahendo.
950 2724 997 2787 Ite
1007 2738 1041 2788 et
1052 2725 1109 2811 qui
1119 2727 1213 2790 Oniae

138 2825 304 2915 regionem
321 2825 510 2889 incolebant
523 2823 644 2905 ludaei,
662 2847 770 2905 arma,
786 2846 859 2912 quoe
878 2824 1088 2913 prohibendo
1104 2828 1211 2892 itineri

140 2940 575 3015 sumpserunt,posuen1nt,
599 2942 632 2989 et
646 2925 757 2989 omnia
777 2925 981 3013 hospitaliter
1001 2926 1212 3013 prebuerunt

141 3027 305 3092 aercitni.
318 3026 369 3091 Ab
385 3027 487 3109 Onia,
500 3027 643 3092 Simonis
656 3014 741 3107 filo,
755 3025 945 3090 Judaeorum
960 3025 1132 3118 pontifice,
1149 3028 1211 3094 loci

142 3152 258 3194 nomen
277 3127 457 3193 deductum
478 3145 544 3209 est,
562 3127 638 3215 qui,
655 3142 802 3191 vastante
818 3125 1078 3213 Hierosolymam
1096 3130 1213 3193 Antio·

143 3229 202 3294 cho
218 3231 253 3293 in
267 3228 449 3318 AEgyptum
466 3229 611 3319 lugiens,
627 3227 827 3293 concedente
845 3228 1038 3309 Ptolemaeo,
1055 3231 1212 3318 templum

144 3331 180 3394 ad
191 3329 440 3395 similitudinem
457 3331 548 3418 patrii
563 3331 597 3393 in
609 3330 849 3417 heliopolitano
859 3350 945 3417 pago
959 3315 1169 3398 exstruxerat.

186 3432 337 3496 nxxlx.
352 3429 450 3495 Haud
463 3431 579 3522 procul
593 3429 670 3495 inde
687 3430 853 3517 Memphis
871 3424 983 3495 alterat
999 3431 1120 3519 (stadia
1138 3456 1215 3498 cen·

145 3548 214 3596 tum
226 3532 396 3620 octoginta
405 3532 620 3619 intererant),
634 3532 833 3620 cognitoque
845 3550 999 3597 successu
1008 3533 1216 3617 Mithridatis,

145 3633 219 3698 inde
233 3656 369 3722 quoque
385 3633 481 3722 legati
494 3650 673 3714 venerunt,
692 3631 851 3722 oppidum
866 3631 1034 3700 dedentes.
1055 3637 1104 3700 Eo
1127 3661 1216 3704 rece·

184 3882 329 3947 §cxxvi
340 3883 444 3928 sueton.
456 3906 491 3917 -
506 3880 573 3927 IIirt.
589 3906 624 3915 -
640 3877 719 3926 strab.
732 3877 776 3925 lib.
787 3879 863 3935 xm,
881 3895 907 3942 p.
922 3877 982 3925 625.
999 3905 1034 3914 -
1054 3879 1176 3928 Plutarch.
1189 3841 1239 3931 dc⁴

147 3964 213 4015 virt.
223 3965 327 4014 Mulier.
339 3981 394 4028 cap.
407 3972 449 4020 tt.
464 3992 498 4003 -
511 3965 570 4028 Dio.
586 3991 620 4000 ·-
638 3961 653 4027 S
673 3963 804 4012 txxvu.
821 3962 901 4011 Strnb.
914 3962 959 4010 lib.
971 3963 1046 4010 xvn
1054 3997 1062 4020 ,
1072 3978 1097 4026 p.
1109 3966 1168 4020 804.
1185 3995 1220 4003 —

151 4048 554 4113 utrr.-Jooepb.nnriq.11v,
566 4055 607 4102 rt.
619 4074 653 4084 —
665 4045 681 4111 s
693 4048 835 4095 emm.
847 4046 913 4095 Hirt.
922 4073 955 4083 --
965 4044 1067 4108 soaph.
1081 4043 1113 4094 de
1124 4048 1152 4094 n.
1160 4050 1220 4099 Jnrl.

150 4135 178 4191 1,
192 4149 215 4193 p.
228 4160 261 4170 ·—
274 4133 364 4182 Erash.
445 4172 448 4177 .
