<?xml version="1.0" encoding="UTF-8"?>
<!DOCTYPE html PUBLIC "-//W3C//DTD XHTML 1.0 Transitional//EN"
    "http://www.w3.org/TR/xhtml1/DTD/xhtml1-transitional.dtd">
<html xmlns="http://www.w3.org/1999/xhtml" xml:lang="en" lang="en">
 <head>
  <title>
</title>
<meta http-equiv="Content-Type" content="text/html;charset=utf-8" />
  <meta name='ocr-system' content='tesseract 3.04.00' />
  <meta name='ocr-capabilities' content='ocr_page ocr_carea ocr_par ocr_line ocrx_word'/>
</head>
<body>
  <div class='ocr_page' id='page_1' title='image "bibliothecaclas28lemagoog_0045.png"; bbox 0 0 2686 4822; ppageno 0'>
   <div class='ocr_carea' id='block_1_1' title="bbox 215 356 1142 428">
    <p class='ocr_par' dir='ltr' id='par_1_1' title="bbox 215 356 1142 428">
     <span class='ocr_line' id='line_1_1' title="bbox 215 356 1142 428; baseline -0.005 -1"><span class='ocrx_word' id='word_1_1' title='bbox 215 358 257 427; x_wconf 75' lang='lat'><strong>32</strong></span> <span class='ocrx_word' id='word_1_2' title='bbox 390 361 461 426; x_wconf 81' lang='lat' dir='ltr'><strong>ll).</strong></span> <span class='ocrx_word' id='word_1_3' title='bbox 488 359 828 428; x_wconf 84' lang='lat' dir='ltr'><strong>FREINSllEMll</strong></span> <span class='ocrx_word' id='word_1_4' title='bbox 865 356 1109 428; x_wconf 82' lang='lat' dir='ltr'><strong>SUPPLEM.</strong></span> <span class='ocrx_word' id='word_1_5' title='bbox 1137 367 1142 383; x_wconf 70' lang='lat'><em>²</em></span> 
     </span>
    </p>
   </div>
   <div class='ocr_carea' id='block_1_2' title="bbox 193 477 1294 3006">
    <p class='ocr_par' dir='ltr' id='par_1_2' title="bbox 193 477 1291 1157">
     <span class='ocr_line' id='line_1_2' title="bbox 193 477 1290 572; baseline 0.001 -27"><span class='ocrx_word' id='word_1_6' title='bbox 193 500 286 572; x_wconf 79' lang='lat' dir='ltr'><strong>pto,</strong></span> <span class='ocrx_word' id='word_1_7' title='bbox 305 479 509 544; x_wconf 80' lang='lat' dir='ltr'><strong>Mithridates</strong></span> <span class='ocrx_word' id='word_1_8' title='bbox 526 477 567 542; x_wconf 91' lang='lat' dir='ltr'><strong>ad</strong></span> <span class='ocrx_word' id='word_1_9' title='bbox 586 479 778 567; x_wconf 82' lang='lat' dir='ltr'><strong>AEgyptium</strong></span> <span class='ocrx_word' id='word_1_10' title='bbox 800 479 892 542; x_wconf 85' lang='lat' dir='ltr'><strong>Delta</strong></span> <span class='ocrx_word' id='word_1_11' title='bbox 914 479 1081 567; x_wconf 87' lang='lat' dir='ltr'><strong>processit.</strong></span> <span class='ocrx_word' id='word_1_12' title='bbox 1102 480 1214 545; x_wconf 80' lang='lat' dir='ltr'>Insula</span> <span class='ocrx_word' id='word_1_13' title='bbox 1239 499 1290 546; x_wconf 82' lang='lat' dir='ltr'><strong>est</strong></span> 
     </span>
     <span class='ocr_line' id='line_1_3' title="bbox 212 578 1290 671; baseline 0.002 -25"><span class='ocrx_word' id='word_1_14' title='bbox 212 582 301 647; x_wconf 87' lang='lat' dir='ltr'><strong>haud</strong></span> <span class='ocrx_word' id='word_1_15' title='bbox 316 581 432 671; x_wconf 90' lang='lat' dir='ltr'><strong>procul</strong></span> <span class='ocrx_word' id='word_1_16' title='bbox 450 578 658 661; x_wconf 76' lang='lat' dir='ltr'><strong>Alexandria,</strong></span> <span class='ocrx_word' id='word_1_17' title='bbox 675 603 773 668; x_wconf 91' lang='lat' dir='ltr'><strong>quam</strong></span> <span class='ocrx_word' id='word_1_18' title='bbox 794 583 828 644; x_wconf 90' lang='lat' dir='ltr'><strong>in</strong></span> <span class='ocrx_word' id='word_1_19' title='bbox 845 580 914 660; x_wconf 84' lang='lat' dir='ltr'><strong>ejus</strong></span> <span class='ocrx_word' id='word_1_20' title='bbox 928 582 1029 645; x_wconf 85' lang='lat' dir='ltr'><strong>literae</strong></span> <span class='ocrx_word' id='word_1_21' title='bbox 1045 581 1203 667; x_wconf 79' lang='lat' dir='ltr'><strong>lot-mam,</strong></span> <span class='ocrx_word' id='word_1_22' title='bbox 1220 606 1290 648; x_wconf 90' lang='lat' dir='ltr'><strong>una</strong></span> 
     </span>
     <span class='ocr_line' id='line_1_4' title="bbox 213 680 1289 772; baseline 0.001 -24"><span class='ocrx_word' id='word_1_23' title='bbox 213 701 302 771; x_wconf 88' lang='lat' dir='ltr'><strong>parte</strong></span> <span class='ocrx_word' id='word_1_24' title='bbox 324 705 430 762; x_wconf 89' lang='lat' dir='ltr'><strong>mare,</strong></span> <span class='ocrx_word' id='word_1_25' title='bbox 454 680 580 745; x_wconf 89' lang='lat' dir='ltr'><strong>duabus</strong></span> <span class='ocrx_word' id='word_1_26' title='bbox 605 682 809 746; x_wconf 87' lang='lat' dir='ltr'><strong>Pelusiacum</strong></span> <span class='ocrx_word' id='word_1_27' title='bbox 833 699 867 746; x_wconf 85' lang='lat' dir='ltr'><strong>et</strong></span> <span class='ocrx_word' id='word_1_28' title='bbox 887 684 1090 772; x_wconf 87' lang='lat' dir='ltr'>Canopicum</span> <span class='ocrx_word' id='word_1_29' title='bbox 1113 685 1179 748; x_wconf 92' lang='lat' dir='ltr'><strong>Nili</strong></span> <span class='ocrx_word' id='word_1_30' title='bbox 1203 687 1289 749; x_wconf 89' lang='lat' dir='ltr'><strong>ostia</strong></span> 
     </span>
     <span class='ocr_line' id='line_1_5' title="bbox 211 783 1289 874; baseline 0.001 -25"><span class='ocrx_word' id='word_1_31' title='bbox 211 787 450 874; x_wconf 86' lang='lat' dir='ltr'><strong>constringunt.</strong></span> <span class='ocrx_word' id='word_1_32' title='bbox 464 783 748 873; x_wconf 81' lang='lat' dir='ltr'><strong>Appropinquauti</strong></span> <span class='ocrx_word' id='word_1_33' title='bbox 764 784 869 849; x_wconf 81' lang='lat' dir='ltr'><strong>missae</strong></span> <span class='ocrx_word' id='word_1_34' title='bbox 887 808 904 848; x_wconf 90' lang='lat' dir='ltr'><strong>a</strong></span> <span class='ocrx_word' id='word_1_35' title='bbox 920 785 1096 849; x_wconf 83' lang='lat' dir='ltr'><strong>Ptolemaeo</strong></span> <span class='ocrx_word' id='word_1_36' title='bbox 1111 787 1213 874; x_wconf 77' lang='lat' dir='ltr'><strong>copiae</strong></span> <span class='ocrx_word' id='word_1_37' title='bbox 1228 809 1289 850; x_wconf 91' lang='lat' dir='ltr'><strong>oc-</strong></span> 
     </span>
     <span class='ocr_line' id='line_1_6' title="bbox 210 885 1291 974; baseline -0.001 -22"><span class='ocrx_word' id='word_1_38' title='bbox 210 903 402 952; x_wconf 83' lang='lat' dir='ltr'><strong>currerunt:</strong></span> <span class='ocrx_word' id='word_1_39' title='bbox 412 909 523 951; x_wconf 87' lang='lat' dir='ltr'><strong>earum</strong></span> <span class='ocrx_word' id='word_1_40' title='bbox 537 907 629 973; x_wconf 90' lang='lat' dir='ltr'><strong>pars,</strong></span> <span class='ocrx_word' id='word_1_41' title='bbox 642 907 710 949; x_wconf 91' lang='lat' dir='ltr'><strong>uon</strong></span> <span class='ocrx_word' id='word_1_42' title='bbox 723 886 915 974; x_wconf 87' lang='lat' dir='ltr'><strong>exspectatis</strong></span> <span class='ocrx_word' id='word_1_43' title='bbox 927 886 1215 973; x_wconf 79' lang='lat' dir='ltr'>subsequentibus,</span> <span class='ocrx_word' id='word_1_44' title='bbox 1225 885 1291 951; x_wconf 86' lang='lat' dir='ltr'><strong>llu-</strong></span> 
     </span>
     <span class='ocr_line' id='line_1_7' title="bbox 212 985 1291 1077; baseline 0 -25"><span class='ocrx_word' id='word_1_45' title='bbox 212 1012 306 1069; x_wconf 90' lang='lat' dir='ltr'><strong>men,</strong></span> <span class='ocrx_word' id='word_1_46' title='bbox 317 1010 385 1076; x_wconf 93' lang='lat' dir='ltr'><strong>quo</strong></span> <span class='ocrx_word' id='word_1_47' title='bbox 397 987 490 1051; x_wconf 80' lang='lat' dir='ltr'><strong>llelta</strong></span> <span class='ocrx_word' id='word_1_48' title='bbox 500 985 679 1068; x_wconf 80' lang='lat' dir='ltr'>clauditur,</span> <span class='ocrx_word' id='word_1_49' title='bbox 692 1002 904 1077; x_wconf 87' lang='lat' dir='ltr'><strong>transgressa,</strong></span> <span class='ocrx_word' id='word_1_50' title='bbox 921 1004 1086 1052; x_wconf 85' lang='lat' dir='ltr'><strong>tenentem</strong></span> <span class='ocrx_word' id='word_1_51' title='bbox 1102 1010 1137 1053; x_wconf 90' lang='lat' dir='ltr'><strong>se</strong></span> <span class='ocrx_word' id='word_1_52' title='bbox 1150 988 1291 1053; x_wconf 87' lang='lat' dir='ltr'><strong>munitis</strong></span> 
     </span>
     <span class='ocr_line' id='line_1_8' title="bbox 210 1087 1151 1157; baseline 0.003 -3"><span class='ocrx_word' id='word_1_53' title='bbox 210 1113 345 1154; x_wconf 87' lang='lat' dir='ltr'><strong>romana</strong></span> <span class='ocrx_word' id='word_1_54' title='bbox 360 1089 465 1153; x_wconf 79' lang='lat' dir='ltr'><strong>forma</strong></span> <span class='ocrx_word' id='word_1_55' title='bbox 471 1088 593 1153; x_wconf 84' lang='lat' dir='ltr'><strong>&#39;castris</strong></span> <span class='ocrx_word' id='word_1_56' title='bbox 607 1087 831 1153; x_wconf 82' lang='lat' dir='ltr'><strong>Mithridatem</strong></span> <span class='ocrx_word' id='word_1_57' title='bbox 845 1105 967 1154; x_wconf 88' lang='lat' dir='ltr'><strong>temere</strong></span> <span class='ocrx_word' id='word_1_58' title='bbox 981 1090 1151 1157; x_wconf 80' lang='lat' dir='ltr'><strong>lacessivit.</strong></span> 
     </span>
    </p>

    <p class='ocr_par' dir='ltr' id='par_1_3' title="bbox 208 1188 1294 2196">
     <span class='ocr_line' id='line_1_9' title="bbox 255 1188 1291 1282; baseline 0.001 -27"><span class='ocrx_word' id='word_1_59' title='bbox 255 1190 387 1255; x_wconf 84' lang='lat' dir='ltr'>LXXX.</span> <span class='ocrx_word' id='word_1_60' title='bbox 400 1188 465 1254; x_wconf 88' lang='lat' dir='ltr'><strong>Sed</strong></span> <span class='ocrx_word' id='word_1_61' title='bbox 479 1189 654 1277; x_wconf 86' lang='lat' dir='ltr'><strong>improvisa</strong></span> <span class='ocrx_word' id='word_1_62' title='bbox 664 1189 863 1255; x_wconf 90' lang='lat' dir='ltr'><strong>Mithridatis</strong></span> <span class='ocrx_word' id='word_1_63' title='bbox 879 1192 1053 1280; x_wconf 85' lang='lat' dir='ltr'><strong>eruptione</strong></span> <span class='ocrx_word' id='word_1_64' title='bbox 1067 1215 1203 1282; x_wconf 90' lang='lat' dir='ltr'><strong>magnus</strong></span> <span class='ocrx_word' id='word_1_65' title='bbox 1221 1215 1291 1257; x_wconf 90' lang='lat' dir='ltr'><strong>nu·</strong></span> 
     </span>
     <span class='ocr_line' id='line_1_10' title="bbox 211 1292 1293 1376; baseline 0.001 -18"><span class='ocrx_word' id='word_1_66' title='bbox 211 1317 338 1376; x_wconf 88' lang='lat' dir='ltr'><strong>merus,</strong></span> <span class='ocrx_word' id='word_1_67' title='bbox 357 1315 433 1358; x_wconf 90' lang='lat' dir='ltr'><strong>cum</strong></span> <span class='ocrx_word' id='word_1_68' title='bbox 451 1292 537 1357; x_wconf 92' lang='lat' dir='ltr'><strong>duce</strong></span> <span class='ocrx_word' id='word_1_69' title='bbox 548 1292 741 1357; x_wconf 89' lang='lat' dir='ltr'><strong>Dioscoride</strong></span> <span class='ocrx_word' id='word_1_70' title='bbox 756 1294 914 1359; x_wconf 88' lang='lat' dir='ltr'><strong>occubuit</strong></span> <span class='ocrx_word' id='word_1_71' title='bbox 930 1317 939 1360; x_wconf 76' lang='grc' dir='ltr'><strong>ε</strong></span> <span class='ocrx_word' id='word_1_72' title='bbox 956 1310 1088 1359; x_wconf 76' lang='lat' dir='ltr'><strong>caeteros</strong></span> <span class='ocrx_word' id='word_1_73' title='bbox 1103 1295 1219 1359; x_wconf 88' lang='lat' dir='ltr'><strong>notitia</strong></span> <span class='ocrx_word' id='word_1_74' title='bbox 1236 1295 1293 1359; x_wconf 89' lang='lat' dir='ltr'><strong>lo·</strong></span> 
     </span>
     <span class='ocr_line' id='line_1_11' title="bbox 210 1379 1294 1485; baseline 0.001 -27"><span class='ocrx_word' id='word_1_75' title='bbox 210 1419 326 1459; x_wconf 87' lang='lat' dir='ltr'><strong>corum</strong></span> <span class='ocrx_word' id='word_1_76' title='bbox 339 1395 434 1476; x_wconf 79' lang='lat' dir='ltr'><strong>texit,</strong></span> <span class='ocrx_word' id='word_1_77' title='bbox 452 1409 526 1477; x_wconf 90' lang='lat' dir='ltr'><strong>aut,</strong></span> <span class='ocrx_word' id='word_1_78' title='bbox 541 1393 662 1481; x_wconf 88' lang='lat' dir='ltr'><strong>quibus</strong></span> <span class='ocrx_word' id='word_1_79' title='bbox 678 1392 801 1458; x_wconf 86' lang='lat' dir='ltr'><strong>llumen</strong></span> <span class='ocrx_word' id='word_1_80' title='bbox 815 1396 1027 1477; x_wconf 86' lang='lat' dir='ltr'><strong>transierant,</strong></span> <span class='ocrx_word' id='word_1_81' title='bbox 1041 1395 1164 1485; x_wconf 84' lang='lat' dir='ltr'><strong>navigia</strong></span> <span class='ocrx_word' id='word_1_82' title='bbox 1179 1379 1294 1483; x_wconf 81' lang='lat' dir='ltr'><strong>repon-</strong></span> 
     </span>
     <span class='ocr_line' id='line_1_12' title="bbox 209 1496 1292 1586; baseline 0 -26"><span class='ocrx_word' id='word_1_83' title='bbox 209 1513 331 1561; x_wconf 90' lang='lat' dir='ltr'><strong>tarunt.</strong></span> <span class='ocrx_word' id='word_1_84' title='bbox 350 1499 389 1561; x_wconf 89' lang='lat' dir='ltr'><strong>In</strong></span> <span class='ocrx_word' id='word_1_85' title='bbox 411 1496 476 1559; x_wconf 92' lang='lat' dir='ltr'><strong>hoc</strong></span> <span class='ocrx_word' id='word_1_86' title='bbox 498 1497 594 1559; x_wconf 88' lang='lat' dir='ltr'><strong>etiam</strong></span> <span class='ocrx_word' id='word_1_87' title='bbox 616 1496 727 1584; x_wconf 87' lang='lat' dir='ltr'><strong>praelio</strong></span> <span class='ocrx_word' id='word_1_88' title='bbox 749 1496 887 1585; x_wconf 87' lang='lat' dir='ltr'><strong>insignis</strong></span> <span class='ocrx_word' id='word_1_89' title='bbox 905 1497 1066 1585; x_wconf 83' lang='lat' dir='ltr'><strong>Antipatri</strong></span> <span class='ocrx_word' id='word_1_90' title='bbox 1085 1518 1183 1586; x_wconf 87' lang='lat' dir='ltr'><strong>opera</strong></span> <span class='ocrx_word' id='word_1_91' title='bbox 1203 1498 1292 1578; x_wconf 87' lang='lat' dir='ltr'><strong>fuit,</strong></span> 
     </span>
     <span class='ocr_line' id='line_1_13' title="bbox 210 1596 1293 1688; baseline 0.002 -27"><span class='ocrx_word' id='word_1_92' title='bbox 210 1600 267 1686; x_wconf 91' lang='lat' dir='ltr'><strong>qui</strong></span> <span class='ocrx_word' id='word_1_93' title='bbox 289 1597 448 1662; x_wconf 84' lang='lat' dir='ltr'><strong>laboranti</strong></span> <span class='ocrx_word' id='word_1_94' title='bbox 474 1596 656 1661; x_wconf 84' lang='lat' dir='ltr'><strong>Mithridati</strong></span> <span class='ocrx_word' id='word_1_95' title='bbox 683 1597 857 1682; x_wconf 83' lang='lat' dir='ltr'><strong>subvenit,</strong></span> <span class='ocrx_word' id='word_1_96' title='bbox 881 1598 1120 1688; x_wconf 85' lang='lat' dir='ltr'><strong>AEgyptiosque</strong></span> <span class='ocrx_word' id='word_1_97' title='bbox 1139 1599 1205 1679; x_wconf 86' lang='lat' dir='ltr'><strong>jam</strong></span> <span class='ocrx_word' id='word_1_98' title='bbox 1228 1621 1293 1663; x_wconf 86' lang='lat' dir='ltr'><strong>sua</strong></span> 
     </span>
     <span class='ocr_line' id='line_1_14' title="bbox 208 1697 1293 1789; baseline 0 -28"><span class='ocrx_word' id='word_1_99' title='bbox 208 1700 365 1789; x_wconf 89' lang='lat' dir='ltr'><strong>opinione</strong></span> <span class='ocrx_word' id='word_1_100' title='bbox 383 1700 523 1763; x_wconf 81' lang='lat' dir='ltr'><strong>victores</strong></span> <span class='ocrx_word' id='word_1_101' title='bbox 543 1699 678 1786; x_wconf 88' lang='lat' dir='ltr'><strong>pepulit.</strong></span> <span class='ocrx_word' id='word_1_102' title='bbox 700 1699 814 1782; x_wconf 89' lang='lat' dir='ltr'><strong>Quum</strong></span> <span class='ocrx_word' id='word_1_103' title='bbox 834 1697 955 1763; x_wconf 89' lang='lat' dir='ltr'><strong>deinde</strong></span> <span class='ocrx_word' id='word_1_104' title='bbox 975 1714 1088 1763; x_wconf 72' lang='lat' dir='ltr'><strong>caeteta</strong></span> <span class='ocrx_word' id='word_1_105' title='bbox 1108 1698 1293 1763; x_wconf 89' lang='lat' dir='ltr'><strong>multitudo</strong></span> 
     </span>
     <span class='ocr_line' id='line_1_15' title="bbox 209 1799 1292 1891; baseline 0.002 -27"><span class='ocrx_word' id='word_1_106' title='bbox 209 1801 410 1881; x_wconf 83' lang='lat' dir='ltr'><strong>advenisset,</strong></span> <span class='ocrx_word' id='word_1_107' title='bbox 434 1799 639 1864; x_wconf 89' lang='lat' dir='ltr'><strong>Mithridates</strong></span> <span class='ocrx_word' id='word_1_108' title='bbox 657 1799 770 1864; x_wconf 86' lang='lat' dir='ltr'><strong>denuo</strong></span> <span class='ocrx_word' id='word_1_109' title='bbox 789 1816 913 1890; x_wconf 90' lang='lat' dir='ltr'><strong>coeptus</strong></span> <span class='ocrx_word' id='word_1_110' title='bbox 932 1801 1131 1891; x_wconf 87' lang='lat' dir='ltr'><strong>oppugnari,</strong></span> <span class='ocrx_word' id='word_1_111' title='bbox 1152 1801 1292 1866; x_wconf 89' lang='lat' dir='ltr'><strong>nuntios</strong></span> 
     </span>
     <span class='ocr_line' id='line_1_16' title="bbox 209 1901 1293 1993; baseline -0.001 -26"><span class='ocrx_word' id='word_1_112' title='bbox 209 1904 250 1967; x_wconf 84' lang='lat' dir='ltr'><strong>atl</strong></span> <span class='ocrx_word' id='word_1_113' title='bbox 265 1905 425 1967; x_wconf 81' lang='lat' dir='ltr'><strong>Caesarem</strong></span> <span class='ocrx_word' id='word_1_114' title='bbox 441 1901 482 1964; x_wconf 89' lang='lat' dir='ltr'><strong>de</strong></span> <span class='ocrx_word' id='word_1_115' title='bbox 497 1902 596 1965; x_wconf 91' lang='lat' dir='ltr'><strong>rebus</strong></span> <span class='ocrx_word' id='word_1_116' title='bbox 616 1903 683 1966; x_wconf 89' lang='lat' dir='ltr'><strong>suis</strong></span> <span class='ocrx_word' id='word_1_117' title='bbox 700 1903 799 1968; x_wconf 87' lang='lat' dir='ltr'><strong>misit.</strong></span> <span class='ocrx_word' id='word_1_118' title='bbox 817 1904 905 1993; x_wconf 90' lang='lat' dir='ltr'><strong>Ergo</strong></span> <span class='ocrx_word' id='word_1_119' title='bbox 923 1903 986 1969; x_wconf 90' lang='lat' dir='ltr'><strong>sub</strong></span> <span class='ocrx_word' id='word_1_120' title='bbox 1000 1902 1088 1967; x_wconf 90' lang='lat' dir='ltr'><strong>idem</strong></span> <span class='ocrx_word' id='word_1_121' title='bbox 1107 1919 1238 1991; x_wconf 89' lang='lat' dir='ltr'><strong>tempus</strong></span> <span class='ocrx_word' id='word_1_122' title='bbox 1256 1921 1293 1967; x_wconf 87' lang='lat' dir='ltr'><strong>et</strong></span> 
     </span>
     <span class='ocr_line' id='line_1_17' title="bbox 209 2002 1291 2095; baseline 0 -27"><span class='ocrx_word' id='word_1_123' title='bbox 209 2006 264 2070; x_wconf 79' lang='lat' dir='ltr'><strong>hic</strong></span> <span class='ocrx_word' id='word_1_124' title='bbox 279 2005 320 2070; x_wconf 90' lang='lat' dir='ltr'><strong>ad</strong></span> <span class='ocrx_word' id='word_1_125' title='bbox 338 2002 563 2092; x_wconf 89' lang='lat' dir='ltr'><strong>recipiendum</strong></span> <span class='ocrx_word' id='word_1_126' title='bbox 580 2003 823 2087; x_wconf 83' lang='lat' dir='ltr'><strong>Mithridatem,</strong></span> <span class='ocrx_word' id='word_1_127' title='bbox 838 2022 871 2071; x_wconf 93' lang='lat' dir='ltr'><strong>et</strong></span> <span class='ocrx_word' id='word_1_128' title='bbox 887 2028 942 2095; x_wconf 83' lang='lat' dir='ltr'><strong>tex</strong></span> <span class='ocrx_word' id='word_1_129' title='bbox 957 2004 999 2070; x_wconf 89' lang='lat' dir='ltr'><strong>ad</strong></span> <span class='ocrx_word' id='word_1_130' title='bbox 1015 2004 1291 2095; x_wconf 85' lang='lat' dir='ltr'><strong>opprimendum,</strong></span> 
     </span>
     <span class='ocr_line' id='line_1_18' title="bbox 211 2106 475 2196; baseline -0.015 -24"><span class='ocrx_word' id='word_1_131' title='bbox 211 2106 475 2196; x_wconf 87' lang='lat' dir='ltr'><strong>proficiscuntur.</strong></span> 
     </span>
    </p>

    <p class='ocr_par' dir='ltr' id='par_1_4' title="bbox 207 2207 1292 3006">
     <span class='ocr_line' id='line_1_19' title="bbox 253 2207 1290 2296; baseline -0.002 -23"><span class='ocrx_word' id='word_1_132' title='bbox 253 2209 403 2273; x_wconf 89' lang='lat' dir='ltr'>LXXXI.</span> <span class='ocrx_word' id='word_1_133' title='bbox 428 2208 546 2294; x_wconf 87' lang='lat' dir='ltr'><strong>Neque</strong></span> <span class='ocrx_word' id='word_1_134' title='bbox 571 2207 784 2287; x_wconf 76' lang='lat' dir='ltr'><strong>Ptolemaeus,</strong></span> <span class='ocrx_word' id='word_1_135' title='bbox 810 2230 997 2296; x_wconf 87' lang='lat' dir='ltr'><strong>quanquam</strong></span> <span class='ocrx_word' id='word_1_136' title='bbox 1020 2223 1154 2272; x_wconf 84' lang='lat' dir='ltr'><strong>venerat</strong></span> <span class='ocrx_word' id='word_1_137' title='bbox 1177 2207 1290 2295; x_wconf 85' lang='lat' dir='ltr'><strong>prior,</strong></span> 
     </span>
     <span class='ocr_line' id='line_1_20' title="bbox 209 2307 1291 2426; baseline -0.002 -51"><span class='ocrx_word' id='word_1_138' title='bbox 209 2334 315 2399; x_wconf 81' lang='lat' dir='ltr'><strong>operae</strong></span> <span class='ocrx_word' id='word_1_139' title='bbox 335 2309 479 2398; x_wconf 85' lang='lat' dir='ltr'><strong>pretium</strong></span> <span class='ocrx_word' id='word_1_140' title='bbox 501 2309 607 2373; x_wconf 87' lang='lat' dir='ltr'><strong>facere</strong></span> <span class='ocrx_word' id='word_1_141' title='bbox 628 2308 755 2396; x_wconf 88' lang='lat' dir='ltr'><strong>potuit,</strong></span> <span class='ocrx_word' id='word_1_142' title='bbox 776 2325 951 2426; x_wconf 88' lang='lat' dir='ltr'><strong>antequam</strong></span> <span class='ocrx_word' id='word_1_143' title='bbox 974 2311 1081 2374; x_wconf 85' lang='lat' dir='ltr'><strong>Caesar</strong></span> <span class='ocrx_word' id='word_1_144' title='bbox 1100 2307 1291 2391; x_wconf 78' lang='lat' dir='ltr'><strong>adveniret3</strong></span> 
     </span>
     <span class='ocr_line' id='line_1_21' title="bbox 207 2410 1292 2527; baseline -0.001 -51"><span class='ocrx_word' id='word_1_145' title='bbox 207 2429 265 2476; x_wconf 88' lang='lat' dir='ltr'><strong>aut</strong></span> <span class='ocrx_word' id='word_1_146' title='bbox 280 2412 346 2475; x_wconf 92' lang='lat' dir='ltr'><strong>hoc</strong></span> <span class='ocrx_word' id='word_1_147' title='bbox 359 2426 519 2525; x_wconf 84' lang='lat' dir='ltr'><strong>praesente</strong></span> <span class='ocrx_word' id='word_1_148' title='bbox 531 2410 723 2498; x_wconf 90' lang='lat' dir='ltr'><strong>prohibere,</strong></span> <span class='ocrx_word' id='word_1_149' title='bbox 739 2432 781 2473; x_wconf 92' lang='lat' dir='ltr'><strong>no</strong></span> <span class='ocrx_word' id='word_1_150' title='bbox 794 2411 895 2527; x_wconf 75' lang='lat' dir='ltr'><strong>copiae</strong></span> <span class='ocrx_word' id='word_1_151' title='bbox 908 2411 1197 2500; x_wconf 83' lang='lat' dir='ltr'><strong>conjungerentur.</strong></span> <span class='ocrx_word' id='word_1_152' title='bbox 1214 2412 1292 2475; x_wconf 88' lang='lat' dir='ltr'><strong>Hoc</strong></span> 
     </span>
     <span class='ocr_line' id='line_1_22' title="bbox 210 2510 1291 2600; baseline 0 -23"><span class='ocrx_word' id='word_1_153' title='bbox 210 2515 295 2578; x_wconf 85' lang='lat' dir='ltr'><strong>facto</strong></span> <span class='ocrx_word' id='word_1_154' title='bbox 304 2536 434 2600; x_wconf 89' lang='lat' dir='ltr'><strong>,quum</strong></span> <span class='ocrx_word' id='word_1_155' title='bbox 448 2513 513 2592; x_wconf 88' lang='lat' dir='ltr'><strong>jam</strong></span> <span class='ocrx_word' id='word_1_156' title='bbox 531 2528 707 2592; x_wconf 89' lang='lat' dir='ltr'><strong>metueret,</strong></span> <span class='ocrx_word' id='word_1_157' title='bbox 723 2534 765 2575; x_wconf 90' lang='lat' dir='ltr'><strong>ne</strong></span> <span class='ocrx_word' id='word_1_158' title='bbox 775 2510 816 2575; x_wconf 90' lang='lat' dir='ltr'><strong>ad</strong></span> <span class='ocrx_word' id='word_1_159' title='bbox 832 2535 866 2577; x_wconf 90' lang='lat' dir='ltr'><strong>sc</strong></span> <span class='ocrx_word' id='word_1_160' title='bbox 881 2513 998 2593; x_wconf 89' lang='lat' dir='ltr'><strong>iretur,</strong></span> <span class='ocrx_word' id='word_1_161' title='bbox 1015 2512 1197 2600; x_wconf 87' lang='lat' dir='ltr'><strong>equitatum</strong></span> <span class='ocrx_word' id='word_1_162' title='bbox 1211 2535 1291 2577; x_wconf 89' lang='lat' dir='ltr'><strong>om·</strong></span> 
     </span>
     <span class='ocr_line' id='line_1_23' title="bbox 211 2611 1289 2702; baseline -0.002 -24"><span class='ocrx_word' id='word_1_163' title='bbox 211 2638 285 2679; x_wconf 88' lang='lat' dir='ltr'><strong>nem</strong></span> <span class='ocrx_word' id='word_1_164' title='bbox 297 2637 374 2679; x_wconf 91' lang='lat' dir='ltr'><strong>cum</strong></span> <span class='ocrx_word' id='word_1_165' title='bbox 388 2613 515 2678; x_wconf 89' lang='lat' dir='ltr'><strong>delecto</strong></span> <span class='ocrx_word' id='word_1_166' title='bbox 529 2612 638 2702; x_wconf 88' lang='lat' dir='ltr'><strong>pedite</strong></span> <span class='ocrx_word' id='word_1_167' title='bbox 653 2613 741 2678; x_wconf 90' lang='lat' dir='ltr'><strong>misit</strong></span> <span class='ocrx_word' id='word_1_168' title='bbox 753 2613 794 2678; x_wconf 87' lang='lat' dir='ltr'><strong>ad</strong></span> <span class='ocrx_word' id='word_1_169' title='bbox 809 2611 931 2678; x_wconf 90' lang='lat' dir='ltr'><strong>llumen</strong></span> <span class='ocrx_word' id='word_1_170' title='bbox 948 2637 986 2678; x_wconf 88' lang='lat' dir='ltr'><strong>ex</strong></span> <span class='ocrx_word' id='word_1_171' title='bbox 1000 2613 1077 2677; x_wconf 90' lang='lat' dir='ltr'><strong>Nilo</strong></span> <span class='ocrx_word' id='word_1_172' title='bbox 1091 2612 1289 2694; x_wconf 77' lang='lat' dir='ltr'><strong>deductum,</strong></span> 
     </span>
     <span class='ocr_line' id='line_1_24' title="bbox 208 2713 1289 2805; baseline -0.004 -25"><span class='ocrx_word' id='word_1_173' title='bbox 208 2715 299 2805; x_wconf 88' lang='lat' dir='ltr'><strong>quod</strong></span> <span class='ocrx_word' id='word_1_174' title='bbox 316 2714 538 2804; x_wconf 85' lang='lat' dir='ltr'><strong>superandum</strong></span> <span class='ocrx_word' id='word_1_175' title='bbox 549 2715 664 2778; x_wconf 75' lang='lat' dir='ltr'><strong>Caesari</strong></span> <span class='ocrx_word' id='word_1_176' title='bbox 676 2730 760 2795; x_wconf 84' lang='lat' dir='ltr'><strong>erat3</strong></span> <span class='ocrx_word' id='word_1_177' title='bbox 774 2731 823 2794; x_wconf 92' lang='lat' dir='ltr'><strong>et,</strong></span> <span class='ocrx_word' id='word_1_178' title='bbox 841 2713 947 2777; x_wconf 86' lang='lat' dir='ltr'><strong>donec</strong></span> <span class='ocrx_word' id='word_1_179' title='bbox 959 2715 1088 2777; x_wconf 89' lang='lat' dir='ltr'><strong>eminus</strong></span> <span class='ocrx_word' id='word_1_180' title='bbox 1102 2728 1289 2801; x_wconf 89' lang='lat' dir='ltr'><strong>pugnatum</strong></span> 
     </span>
     <span class='ocr_line' id='line_1_25' title="bbox 208 2814 1289 2903; baseline -0.004 -22"><span class='ocrx_word' id='word_1_181' title='bbox 208 2833 273 2896; x_wconf 87' lang='lat' dir='ltr'><strong>cst,</strong></span> <span class='ocrx_word' id='word_1_182' title='bbox 289 2817 361 2879; x_wconf 91' lang='lat' dir='ltr'><strong>loco</strong></span> <span class='ocrx_word' id='word_1_183' title='bbox 375 2815 478 2897; x_wconf 85' lang='lat' dir='ltr'><strong>adjuti</strong></span> <span class='ocrx_word' id='word_1_184' title='bbox 495 2816 588 2879; x_wconf 86' lang='lat' dir='ltr'><strong>facile</strong></span> <span class='ocrx_word' id='word_1_185' title='bbox 602 2815 816 2879; x_wconf 89' lang='lat' dir='ltr'><strong>restiterunt:</strong></span> <span class='ocrx_word' id='word_1_186' title='bbox 835 2830 1007 2902; x_wconf 89' lang='lat' dir='ltr'><strong>postquam</strong></span> <span class='ocrx_word' id='word_1_187' title='bbox 1028 2815 1172 2903; x_wconf 83' lang='lat' dir='ltr'><strong>genuani</strong></span> <span class='ocrx_word' id='word_1_188' title='bbox 1190 2814 1289 2902; x_wconf 81' lang='lat' dir='ltr'><strong>equi-</strong></span> 
     </span>
     <span class='ocr_line' id='line_1_26' title="bbox 209 2916 1289 3006; baseline -0.003 -24"><span class='ocrx_word' id='word_1_189' title='bbox 209 2937 275 3000; x_wconf 86' lang='lat' dir='ltr'><strong>tes,</strong></span> <span class='ocrx_word' id='word_1_190' title='bbox 299 2917 389 2983; x_wconf 86' lang='lat' dir='ltr'><strong>vadis</strong></span> <span class='ocrx_word' id='word_1_191' title='bbox 411 2919 566 3006; x_wconf 89' lang='lat' dir='ltr'><strong>repertis,</strong></span> <span class='ocrx_word' id='word_1_192' title='bbox 589 2931 782 2997; x_wconf 86' lang='lat' dir='ltr'><strong>tranarunt,</strong></span> <span class='ocrx_word' id='word_1_193' title='bbox 804 2916 993 3005; x_wconf 89' lang='lat' dir='ltr'><strong>legionarii,</strong></span> <span class='ocrx_word' id='word_1_194' title='bbox 1019 2916 1145 3005; x_wconf 85' lang='lat' dir='ltr'><strong>magnis</strong></span> <span class='ocrx_word' id='word_1_195' title='bbox 1170 2917 1289 2980; x_wconf 83' lang='lat' dir='ltr'><strong>excisis</strong></span> 
     </span>
    </p>
   </div>
   <div class='ocr_carea' id='block_1_3' title="bbox 105 3017 1287 3107">
    <p class='ocr_par' dir='ltr' id='par_1_5' title="bbox 105 3017 1287 3107">
     <span class='ocr_line' id='line_1_27' title="bbox 105 3017 1287 3107; baseline -0.003 -23"><span class='ocrx_word' id='word_1_196' title='bbox 105 3050 110 3067; x_wconf 71' lang='lat'><strong><em>¹</em></strong></span> <span class='ocrx_word' id='word_1_197' title='bbox 208 3021 397 3101; x_wconf 87' lang='lat' dir='ltr'><strong>arboribus,</strong></span> <span class='ocrx_word' id='word_1_198' title='bbox 410 3042 484 3106; x_wconf 78' lang='lat' dir='ltr'><strong>quae</strong></span> <span class='ocrx_word' id='word_1_199' title='bbox 495 3020 599 3106; x_wconf 89' lang='lat' dir='ltr'><strong>ripam</strong></span> <span class='ocrx_word' id='word_1_200' title='bbox 610 3033 785 3104; x_wconf 84' lang='lat' dir='ltr'><strong>utramque</strong></span> <span class='ocrx_word' id='word_1_201' title='bbox 800 3017 1025 3107; x_wconf 85' lang='lat' dir='ltr'><strong>magnitudine</strong></span> <span class='ocrx_word' id='word_1_202' title='bbox 1038 3018 1287 3105; x_wconf 89' lang='lat' dir='ltr'><strong>contingerent,</strong></span> 
     </span>
    </p>
   </div>
   <div class='ocr_carea' id='block_1_4' title="bbox 138 3119 1290 3820">
    <p class='ocr_par' dir='ltr' id='par_1_6' title="bbox 138 3119 1290 3410">
     <span class='ocr_line' id='line_1_28' title="bbox 210 3119 1290 3234; baseline -0.002 -48"><span class='ocrx_word' id='word_1_203' title='bbox 210 3139 244 3186; x_wconf 83' lang='lat' dir='ltr'><strong>et</strong></span> <span class='ocrx_word' id='word_1_204' title='bbox 262 3145 377 3212; x_wconf 82' lang='lat' dir='ltr'><strong>aggere</strong></span> <span class='ocrx_word' id='word_1_205' title='bbox 398 3121 635 3209; x_wconf 87' lang='lat' dir='ltr'><strong>superinjecto,</strong></span> <span class='ocrx_word' id='word_1_206' title='bbox 654 3119 745 3234; x_wconf 88' lang='lat' dir='ltr'><strong>signa</strong></span> <span class='ocrx_word' id='word_1_207' title='bbox 766 3121 1023 3203; x_wconf 87' lang='lat' dir='ltr'><strong>transtulerunt,</strong></span> <span class='ocrx_word' id='word_1_208' title='bbox 1045 3136 1133 3208; x_wconf 87' lang='lat' dir='ltr'><strong>terga</strong></span> <span class='ocrx_word' id='word_1_209' title='bbox 1152 3136 1290 3184; x_wconf 85' lang='lat' dir='ltr'><strong>vertunt</strong></span> 
     </span>
     <span class='ocr_line' id='line_1_29' title="bbox 209 3220 1289 3311; baseline -0.001 -24"><span class='ocrx_word' id='word_1_210' title='bbox 209 3226 318 3289; x_wconf 87' lang='lat' dir='ltr'><strong>hostes</strong></span> <span class='ocrx_word' id='word_1_211' title='bbox 334 3222 576 3310; x_wconf 87' lang='lat' dir='ltr'><strong>nequidquam,</strong></span> <span class='ocrx_word' id='word_1_212' title='bbox 597 3221 693 3308; x_wconf 90' lang='lat' dir='ltr'><strong>pauci</strong></span> <span class='ocrx_word' id='word_1_213' title='bbox 711 3220 798 3284; x_wconf 89' lang='lat' dir='ltr'><strong>enim</strong></span> <span class='ocrx_word' id='word_1_214' title='bbox 815 3222 1008 3311; x_wconf 85' lang='lat' dir='ltr'><strong>refugerunt</strong></span> <span class='ocrx_word' id='word_1_215' title='bbox 1022 3220 1064 3286; x_wconf 92' lang='lat' dir='ltr'><strong>ad</strong></span> <span class='ocrx_word' id='word_1_216' title='bbox 1080 3243 1209 3310; x_wconf 89' lang='lat' dir='ltr'><strong>rcgcm;</strong></span> <span class='ocrx_word' id='word_1_217' title='bbox 1226 3244 1289 3286; x_wconf 81' lang='lat' dir='ltr'><strong>cue·</strong></span> 
     </span>
     <span class='ocr_line' id='line_1_30' title="bbox 138 3323 840 3410; baseline -0.006 -21"><span class='ocrx_word' id='word_1_218' title='bbox 138 3398 143 3409; x_wconf 53' lang='lat'><strong>,</strong></span> <span class='ocrx_word' id='word_1_219' title='bbox 209 3345 296 3389; x_wconf 86' lang='lat' dir='ltr'><strong>teros</strong></span> <span class='ocrx_word' id='word_1_220' title='bbox 317 3325 463 3389; x_wconf 82' lang='lat' dir='ltr'><strong>celeritas</strong></span> <span class='ocrx_word' id='word_1_221' title='bbox 479 3323 642 3387; x_wconf 75' lang='lat' dir='ltr'><strong>vicmrum</strong></span> <span class='ocrx_word' id='word_1_222' title='bbox 659 3323 840 3410; x_wconf 83' lang='lat' dir='ltr'><strong>occupavit.</strong></span> 
     </span>
    </p>

    <p class='ocr_par' dir='ltr' id='par_1_7' title="bbox 208 3423 1288 3820">
     <span class='ocr_line' id='line_1_31' title="bbox 253 3423 1288 3513; baseline -0.002 -23"><span class='ocrx_word' id='word_1_223' title='bbox 253 3427 419 3490; x_wconf 88' lang='lat' dir='ltr'>LXXXII.</span> <span class='ocrx_word' id='word_1_224' title='bbox 439 3423 604 3513; x_wconf 86' lang='lat' dir='ltr'><strong>AEgyptii,</strong></span> <span class='ocrx_word' id='word_1_225' title='bbox 621 3425 742 3487; x_wconf 87' lang='lat' dir='ltr'><strong>horum</strong></span> <span class='ocrx_word' id='word_1_226' title='bbox 761 3425 852 3489; x_wconf 87' lang='lat' dir='ltr'><strong>clade</strong></span> <span class='ocrx_word' id='word_1_227' title='bbox 869 3448 996 3513; x_wconf 86' lang='lat' dir='ltr'><strong>suoque</strong></span> <span class='ocrx_word' id='word_1_228' title='bbox 1013 3426 1159 3513; x_wconf 87' lang='lat' dir='ltr'><strong>periculo</strong></span> <span class='ocrx_word' id='word_1_229' title='bbox 1177 3427 1288 3507; x_wconf 87' lang='lat' dir='ltr'><strong>anxii,</strong></span> 
     </span>
     <span class='ocr_line' id='line_1_32' title="bbox 210 3524 1288 3618; baseline -0.003 -25"><span class='ocrx_word' id='word_1_230' title='bbox 210 3532 331 3618; x_wconf 84' lang='lat' dir='ltr'><strong>legatos</strong></span> <span class='ocrx_word' id='word_1_231' title='bbox 347 3526 389 3590; x_wconf 90' lang='lat' dir='ltr'><strong>ad</strong></span> <span class='ocrx_word' id='word_1_232' title='bbox 405 3529 563 3590; x_wconf 79' lang='lat' dir='ltr'><strong>Caesarem</strong></span> <span class='ocrx_word' id='word_1_233' title='bbox 581 3524 623 3588; x_wconf 84' lang='lat' dir='ltr'><strong>tle</strong></span> <span class='ocrx_word' id='word_1_234' title='bbox 639 3547 718 3613; x_wconf 88' lang='lat' dir='ltr'><strong>pacc</strong></span> <span class='ocrx_word' id='word_1_235' title='bbox 732 3526 878 3590; x_wconf 89' lang='lat' dir='ltr'><strong>mittunt.</strong></span> <span class='ocrx_word' id='word_1_236' title='bbox 894 3527 969 3608; x_wconf 89' lang='lat' dir='ltr'><strong>Ille,</strong></span> <span class='ocrx_word' id='word_1_237' title='bbox 987 3525 1158 3614; x_wconf 87' lang='lat' dir='ltr'><strong>perfidam,</strong></span> <span class='ocrx_word' id='word_1_238' title='bbox 1176 3542 1208 3589; x_wconf 91' lang='lat' dir='ltr'><strong>et</strong></span> <span class='ocrx_word' id='word_1_239' title='bbox 1223 3527 1288 3590; x_wconf 83' lang='lat' dir='ltr'><strong>int-</strong></span> 
     </span>
     <span class='ocr_line' id='line_1_33' title="bbox 208 3627 1287 3719; baseline -0.004 -24"><span class='ocrx_word' id='word_1_240' title='bbox 208 3633 324 3695; x_wconf 87' lang='lat' dir='ltr'><strong>bellem</strong></span> <span class='ocrx_word' id='word_1_241' title='bbox 343 3645 473 3719; x_wconf 81' lang='lat' dir='ltr'><strong>gentem</strong></span> <span class='ocrx_word' id='word_1_242' title='bbox 485 3628 656 3716; x_wconf 80' lang='lat' dir='ltr'><strong>cogitans,</strong></span> <span class='ocrx_word' id='word_1_243' title='bbox 675 3627 811 3691; x_wconf 87' lang='lat' dir='ltr'><strong>victoria</strong></span> <span class='ocrx_word' id='word_1_244' title='bbox 828 3627 920 3690; x_wconf 83' lang='lat' dir='ltr'><strong>finire</strong></span> <span class='ocrx_word' id='word_1_245' title='bbox 936 3627 1058 3690; x_wconf 85' lang='lat' dir='ltr'><strong>bellurn</strong></span> <span class='ocrx_word' id='word_1_246' title='bbox 1079 3628 1212 3709; x_wconf 80' lang='lat' dir='ltr'><strong>rnalrtit3</strong></span> <span class='ocrx_word' id='word_1_247' title='bbox 1237 3629 1287 3691; x_wconf 88' lang='lat' dir='ltr'><strong>al-</strong></span> 
     </span>
     <span class='ocr_line' id='line_1_34' title="bbox 209 3726 1286 3820; baseline -0.003 -25"><span class='ocrx_word' id='word_1_248' title='bbox 209 3749 344 3820; x_wconf 87' lang='lat' dir='ltr'><strong>tctoque</strong></span> <span class='ocrx_word' id='word_1_249' title='bbox 369 3730 477 3793; x_wconf 88' lang='lat' dir='ltr'><strong>statim</strong></span> <span class='ocrx_word' id='word_1_250' title='bbox 504 3726 557 3790; x_wconf 90' lang='lat' dir='ltr'><strong>die</strong></span> <span class='ocrx_word' id='word_1_251' title='bbox 581 3745 683 3792; x_wconf 92' lang='lat' dir='ltr'><strong>castra</strong></span> <span class='ocrx_word' id='word_1_252' title='bbox 711 3729 796 3818; x_wconf 89' lang='lat' dir='ltr'><strong>regis</strong></span> <span class='ocrx_word' id='word_1_253' title='bbox 826 3726 974 3815; x_wconf 89' lang='lat' dir='ltr'><strong>undique</strong></span> <span class='ocrx_word' id='word_1_254' title='bbox 1001 3729 1099 3793; x_wconf 88' lang='lat' dir='ltr'><strong>simul</strong></span> <span class='ocrx_word' id='word_1_255' title='bbox 1126 3729 1286 3813; x_wconf 88' lang='lat' dir='ltr'><strong>adortus,</strong></span> 
     </span>
    </p>
   </div>
   <div class='ocr_carea' id='block_1_5' title="bbox 209 3955 1288 4191">
    <p class='ocr_par' dir='ltr' id='par_1_8' title="bbox 209 3955 1288 4191">
     <span class='ocr_line' id='line_1_35' title="bbox 243 3955 1288 4024; baseline 0.004 -19"><span class='ocrx_word' id='word_1_256' title='bbox 243 3957 259 4023; x_wconf 84' lang='lat'>§</span> <span class='ocrx_word' id='word_1_257' title='bbox 272 3956 390 4006; x_wconf 81' lang='lat' dir='ltr'><strong>Lxm.</strong></span> <span class='ocrx_word' id='word_1_258' title='bbox 401 3955 505 4005; x_wconf 87' lang='lat' dir='ltr'><strong>llieron.</strong></span> <span class='ocrx_word' id='word_1_259' title='bbox 516 3956 541 4003; x_wconf 89' lang='lat' dir='ltr'><strong>in</strong></span> <span class='ocrx_word' id='word_1_260' title='bbox 551 3958 614 4005; x_wconf 84' lang='lat' dir='ltr'><strong>Dan.</strong></span> <span class='ocrx_word' id='word_1_261' title='bbox 627 3973 681 4022; x_wconf 79' lang='lat' dir='ltr'><strong>cap.</strong></span> <span class='ocrx_word' id='word_1_262' title='bbox 692 3972 708 4020; x_wconf 82' lang='lat'>9</span> <span class='ocrx_word' id='word_1_263' title='bbox 720 3968 744 4006; x_wconf 88' lang='lat' dir='ltr'><strong>et</strong></span> <span class='ocrx_word' id='word_1_264' title='bbox 757 3972 797 4007; x_wconf 86' lang='lat' dir='ltr'><strong>tr.</strong></span> <span class='ocrx_word' id='word_1_265' title='bbox 806 3985 841 3995; x_wconf 89' lang='lat'><em>-</em></span> <span class='ocrx_word' id='word_1_266' title='bbox 855 3958 959 4024; x_wconf 86' lang='lat' dir='ltr'><strong>Joseph.</strong></span> <span class='ocrx_word' id='word_1_267' title='bbox 975 3958 1061 4023; x_wconf 77' lang='lat' dir='ltr'><strong>Antiq.</strong></span> <span class='ocrx_word' id='word_1_268' title='bbox 1072 3961 1144 4019; x_wconf 81' lang='lat' dir='ltr'><strong>xlv,</strong></span> <span class='ocrx_word' id='word_1_269' title='bbox 1157 3966 1185 4014; x_wconf 73' lang='lat' dir='ltr'><strong>rt</strong></span> <span class='ocrx_word' id='word_1_270' title='bbox 1196 3993 1204 4018; x_wconf 90' lang='lat'><strong>,</strong></span> <span class='ocrx_word' id='word_1_271' title='bbox 1217 3959 1288 4009; x_wconf 87' lang='lat' dir='ltr'><strong>etde</strong></span> 
     </span>
     <span class='ocr_line' id='line_1_36' title="bbox 209 4040 1288 4107; baseline 0.001 -16"><span class='ocrx_word' id='word_1_272' title='bbox 209 4041 437 4102; x_wconf 75' lang='lat' dir='ltr'><strong>tt,Ju‹t.v11‚37.</strong></span> <span class='ocrx_word' id='word_1_273' title='bbox 459 4068 493 4077; x_wconf 88' lang='lat'><em>-</em></span> <span class='ocrx_word' id='word_1_274' title='bbox 509 4041 573 4090; x_wconf 88' lang='lat' dir='ltr'><strong>llirt.</strong></span> <span class='ocrx_word' id='word_1_275' title='bbox 589 4068 625 4078; x_wconf 93' lang='lat'><em>-</em></span> <span class='ocrx_word' id='word_1_276' title='bbox 644 4041 724 4090; x_wconf 79' lang='lat' dir='ltr'><strong>Strah.</strong></span> <span class='ocrx_word' id='word_1_277' title='bbox 740 4040 784 4089; x_wconf 93' lang='lat' dir='ltr'><strong>lih.</strong></span> <span class='ocrx_word' id='word_1_278' title='bbox 805 4040 898 4102; x_wconf 74' lang='lat' dir='ltr'><strong>xutt,</strong></span> <span class='ocrx_word' id='word_1_279' title='bbox 920 4059 946 4107; x_wconf 92' lang='lat' dir='ltr'><strong>p.</strong></span> <span class='ocrx_word' id='word_1_280' title='bbox 961 4043 1021 4090; x_wconf 78' lang='lat' dir='ltr'><strong>sor.</strong></span> <span class='ocrx_word' id='word_1_281' title='bbox 1039 4070 1075 4079; x_wconf 88' lang='lat'>-</span> <span class='ocrx_word' id='word_1_282' title='bbox 1090 4043 1227 4092; x_wconf 85' lang='lat' dir='ltr'><strong>Marcellin.</strong></span> <span class='ocrx_word' id='word_1_283' title='bbox 1250 4073 1288 4083; x_wconf 91' lang='lat'><strong>-—</strong></span> 
     </span>
     <span class='ocr_line' id='line_1_37' title="bbox 210 4123 1112 4191; baseline -0.001 -16"><span class='ocrx_word' id='word_1_284' title='bbox 210 4126 292 4175; x_wconf 67' lang='lat' dir='ltr'><strong>Adon.</strong></span> <span class='ocrx_word' id='word_1_285' title='bbox 303 4124 397 4174; x_wconf 87' lang='lat' dir='ltr'><strong>Chron.</strong></span> <span class='ocrx_word' id='word_1_286' title='bbox 407 4150 440 4160; x_wconf 89' lang='lat'>-</span> <span class='ocrx_word' id='word_1_287' title='bbox 452 4123 467 4189; x_wconf 86' lang='lat'>§</span> <span class='ocrx_word' id='word_1_288' title='bbox 481 4126 587 4173; x_wconf 82' lang='lat' dir='ltr'>LXXX.</span> <span class='ocrx_word' id='word_1_289' title='bbox 598 4125 663 4183; x_wconf 91' lang='lat' dir='ltr'><strong>Dio,</strong></span> <span class='ocrx_word' id='word_1_290' title='bbox 673 4124 719 4174; x_wconf 89' lang='lat' dir='ltr'><strong>lib.</strong></span> <span class='ocrx_word' id='word_1_291' title='bbox 731 4127 823 4173; x_wconf 76' lang='lat' dir='ltr'><strong>xtttt.</strong></span> <span class='ocrx_word' id='word_1_292' title='bbox 838 4153 872 4163; x_wconf 92' lang='lat'>—</span> <span class='ocrx_word' id='word_1_293' title='bbox 885 4127 991 4191; x_wconf 86' lang='lat' dir='ltr'><strong>Joscph.</strong></span> <span class='ocrx_word' id='word_1_294' title='bbox 1001 4154 1036 4162; x_wconf 85' lang='lat'><strong>--</strong></span> <span class='ocrx_word' id='word_1_295' title='bbox 1046 4127 1112 4175; x_wconf 82' lang='lat' dir='ltr'><strong>llirt.</strong></span> 
     </span>
    </p>
   </div>
   <div class='ocr_carea' id='block_1_6' title="bbox 0 0 1348 4822">
    <p class='ocr_par' dir='ltr' id='par_1_9' title="bbox 0 0 1348 4822">
     <span class='ocr_line' id='line_1_38' title="bbox 0 0 1348 4822; baseline 0 1"><span class='ocrx_word' id='word_1_296' title='bbox 0 0 1348 4822; x_wconf 95' lang='lat' dir='ltr'><strong> </strong></span> 
     </span>
    </p>
   </div>
  </div>
 </body>
</html>
