2686 4822
256 363 312 432 IN
336 361 456 430 Loc.
484 360 580 428 LlB.
607 340 978 427 ΟΧΙΙᾈΙΛΝΙΑΝΙ.ἶ
1126 380 1150 450 9

73 482 229 548 vaticinio
237 479 383 571 quodam
397 478 524 543 Cassios
541 500 671 566 semper
682 495 850 566 suspectos
863 477 1019 566 Pompeio
1034 478 1150 557 fuisse,

73 607 178 672 quum
194 605 295 647 nemo
306 571 481 646 hominum
492 579 558 644 hoc
570 580 721 662 nomine,
731 580 788 645 sed
797 603 893 645 mons
907 579 1028 644 scilicet
1039 579 1151 642 Casius

73 686 177 750 fatalis
188 686 219 749 ei
229 682 403 773 pradictus
411 695 505 746 esset.
514 679 675 745 Postridie
686 697 825 745 mortem
834 679 983 768 Pompeii
992 695 1151 766 sequutus

73 788 168 852 illum
183 810 203 850 e
217 789 326 875 Cypro
342 784 378 849 L.
392 782 551 847 Lentulus
565 780 714 865 advenit,
735 783 868 872 ignarus
887 783 1059 862 omnium,
1078 803 1152 868 quae

72 885 355 970 accidissent;sed
368 899 543 975 conspecto
559 883 592 947 in
608 884 704 948 litore
714 907 811 974 rogo,
821 885 932 949 nescio
945 906 1009 972 qua
1024 882 1156 980 occulta·
1251 934 1257 944 .

71 989 107 1053 vi
128 1003 359 1054 commovente
379 986 548 1067 animum,
575 1015 588 1042 ι
602 985 703 1049 Eccui
730 986 804 1068 hic,
826 987 952 1073 inquit,
973 987 1060 1066 justa
1085 1001 1152 1048 tam

72 1089 202 1155 exiliter
210 1088 315 1153 liunt?
323 1118 337 1144 ι
351 1109 411 1153 nec
420 1086 521 1177 longo
534 1085 727 1175 interposito
742 1088 864 1176 spatio,
878 1087 1058 1151 «Fortassis
1075 1086 1150 1167 tibi,

73 1195 137 1256 Cn.
158 1189 313 1279 Pompei!
327 1220 340 1246 ι
351 1188 517 1252 Divinavit
532 1188 628 1253 amici
645 1212 775 1271 casum,
794 1188 885 1255 unde
904 1213 996 1254 suam
1018 1211 1152 1277 quoque

72 1294 245 1357 fortunam
257 1288 401 1381 pendere
419 1312 488 1354 non
505 1290 679 1356 nesciebat.
696 1291 728 1356 N
730 1314 766 1356 ec
782 1290 840 1356 diu
857 1291 1040 1380 superfuit3
1060 1313 1152 1354 corn·

71 1395 258 1484 prehensus
265 1393 354 1457 enim
365 1390 406 1455 ab
415 1414 507 1482 rege,
515 1390 556 1455 ad
567 1392 736 1456 Pelusium
746 1392 780 1455 in
788 1392 937 1458 custodia
949 1407 1081 1457 necatus
1093 1405 1150 1456 est.

117 1499 193 1562 XX.
213 1494 331 1584 Atqui
352 1495 387 1557 in
406 1493 552 1583 Cyprum
573 1496 777 1584 refugerant,
795 1492 921 1559 diversa
944 1492 1061 1557 exinde
1080 1493 1152 1556 loca

73 1598 276 1686 petiverunt.
300 1597 436 1662 Interim
463 1597 568 1660 Caesar
587 1611 662 1685 p'ost
685 1597 873 1677 victoriam,
897 1594 1000 1660 biduo
1023 1610 1151 1659 tantum

72 1700 196 1764 honori
214 1700 312 1764 simul
329 1697 484 1780 deorum,
497 1713 530 1764 et
540 1698 644 1785 quieti
658 1697 799 1762 militum
814 1697 908 1781 dato,
923 1698 1050 1762 omissis
1065 1697 1152 1761 curis

71 1801 142 1866 aliis
151 1849 160 1883 ,
169 1801 385 1889 Pompeium,
398 1813 610 1888 quocumque
621 1815 782 1865 terrarum
793 1823 828 1864 se
839 1800 1047 1882 contulisset,
1059 1799 1152 1888 sequi

71 1917 202 1982 certus,
228 1901 293 1966 boe
315 1922 385 1964 uno
409 1900 604 1990 angebatur,
625 1900 715 1989 quod
739 1925 846 1990 neque
873 1903 1014 1984 nuntiis,
1043 1925 1151 1990 neque

70 2001 158 2066 fama
175 2001 273 2067 fiebat
288 2001 427 2083 certior,
448 2024 548 2090 quam
561 2003 596 2065 in
610 2020 737 2091 partem
756 2005 933 2092 Pompeius
954 2004 1152 2069 intendisset

71 2102 196 2190 lugam.
215 2103 389 2167 Postremo
411 2125 515 2192 quum
539 2102 757 2195 interrogams
776 2127 813 2169 ea
831 2104 873 2170 de
888 2129 923 2170 re
940 2108 1079 2188 Brutus,
1098 2129 1152 2169 ar·

72 2220 231 2293 gumenta
246 2203 396 2293 quaedam
413 2205 619 2292 protulisset,
637 2206 671 2269 in
688 2205 871 2294 AEgyptum
890 2206 1012 2295 fugisse
1028 2206 1151 2288 videri,

72 2303 231 2386 credidit,
248 2328 355 2394 eoque
371 2306 485 2370 statuit
498 2304 661 2372 accedere.
679 2307 785 2397 Igitur
799 2324 967 2396 assumpto
984 2308 1151 2395 equitatu,

73 2423 107 2471 et
128 2430 196 2472 una
221 2408 351 2497 legione
376 2408 560 2475 minoribus
586 2409 757 2473 itineribus
781 2410 938 2497 subsequi
960 2410 1050 2489 jussa
1059 2407 1074 2491 ‚'
1093 2434 1152 2499 per

72 2509 274 2573 Thessaliam
290 2509 326 2572 in
344 2509 571 2575 Macedoniam
587 2510 755 2599 profectus
774 2527 834 2579 est.
853 2512 1013 2576 Thessalis
1030 2512 1074 2576 ob
1093 2535 1151 2576 na·

70 2627 178 2675 vatam
195 2611 231 2674 in
251 2610 338 2676 bello
355 2634 509 2699 operam,
528 2612 728 2700 praebimque
746 2613 881 2697 auxilia,
914 2613 1012 2677 simul
1031 2631 1150 2678 terram

70 2711 240 2776 honorans
253 2713 397 2777 victoriae
415 2735 482 2778 suae
501 2730 635 2796 testem,
655 2714 837 2781 libertatem
852 2714 1003 2780 reddidit.

114 2814 208 2878 xxi.
223 2814 476 2880 Atheniensibus
494 2817 591 2911 etiam
606 2833 675 2880 rata
688 2834 760 2881 tum
771 2841 840 2882 sors
857 2819 936 2900 fuit,
952 2842 1050 2906 quarn
1065 2819 1151 2884 inter

71 2913 161 2977 initia
180 2912 363 2979 condendae
388 2916 480 2980 urbis
506 2917 700 3006 imposuisse
720 2918 798 2984 deos
816 2919 933 2988 fabulae
952 2922 1148 3011 vulgarunt:

71 3013 271 3103 Neptunum,
294 3019 345 3082 uti
367 3042 487 3107 semper
503 3032 614 3084 temere
639 3021 857 3102 considerem
877 3023 1080 3104 Minervam,
1104 3029 1153 3090 uti

70 3115 281 3182 nihilonunus
296 3120 464 3184 commoda
468 3117 613 3207 stantuna
630 3136 798 3190 uterentur.
816 3124 900 3188 Nam
921 3140 994 3187 tum
1016 3148 1150 3212 quoque

71 3216 309 3307 saesmignovit
322 3218 587 3308 deprecantibus,
597 3245 707 3287 severe
716 3224 915 3313 increpitans
925 3275 933 3307 ,
942 3243 975 3290 et
989 3226 1050 3291 hac
1067 3250 1147 3292 voce

69 3315 193 3398 adjecta
204 3341 213 3382 :
223 3349 237 3375 ι
248 3320 433 3410 Quousque
449 3344 527 3402 vos,
538 3339 645 3386 vestro
660 3325 776 3389 merito
788 3344 978 3414 pereuntes,
988 3328 1149 3407 majorum

71 3448 84 3474 ι
96 3420 239 3485 servabit
261 3422 407 3511 gloriain
427 3423 555 3488 Deinde
578 3448 682 3512 quum
698 3449 757 3514 per
772 3427 997 3493 Macedoniarn
1012 3431 1150 3519 Amphi·

69 3521 161 3608 polin
177 3524 397 3610 pervenisset,
413 3525 662 3615 Hellespontum
680 3530 790 3616 petiit,
807 3531 839 3593 in
859 3532 966 3599 Asiam
981 3535 1150 3598 transmis-

72 3641 180 3686 surus.
197 3622 248 3686 Ibi
265 3646 341 3689 eum
359 3648 376 3688 e
392 3627 534 3690 maximo
554 3629 700 3715 periculo
723 3630 919 3699 admirabilis
936 3635 1071 3700 fortunn'
1086 3639 1149 3701 eri·

71 3721 159 3808 puit,
177 3745 282 3816 quum
305 3725 416 3815 inopia
432 3729 614 3797 triremium
631 3733 777 3796 rectoria
800 3735 946 3800 navicula
966 3738 1149 3821 trajiciens,

104 3961 121 4027 S
133 3965 208 4014 xm
219 3965 278 4016 nio.
291 3995 327 4003 —
339 3969 478 4019 Marcellin.
493 3973 580 4023 xxss.
595 4001 630 4011 -
649 3974 758 4039 Appian.
778 4003 812 4012 -
823 3975 878 4023 vat.
890 3976 960 4024 Max.
980 4004 1015 4014 -
1030 3978 1094 4026 Caes.
1114 4003 1149 4015 -—

72 4045 141 4096 Oros.
152 4075 188 4086 -
200 4049 217 4115 §
230 4052 289 4101 XX.
301 4053 411 4118 Appias.
422 4082 458 4094 -
467 4056 529 4107 Caes.
541 4084 576 4094 -
586 4057 650 4107 Plut.
663 4058 689 4105 in
700 4059 790 4118 bruto,
805 4075 860 4124 cap.
874 4075 899 4121 9.
914 4086 949 4096 —
965 4057 981 4124 5
999 4061 1070 4110 xxl.
1080 4059 1150 4114 Plut.

72 4126 96 4172 in
111 4128 173 4183 Cas.
185 4147 240 4200 esp.
250 4134 295 4201 ⁶9.
303 4162 339 4174 -
348 4136 457 4204 Appim.
469 4167 505 4180 -
518 4143 621 4192 Sueton.
632 4141 659 4192 ἱι
670 4142 733 4194 Ces.
745 4159 800 4209 cap.
812 4142 855 4193 62.
864 4169 899 4181 -·
911 4143 969 4192 Dio.
