2686 4822
287 315 339 384 IN
370 316 484 384 LOC.
511 316 607 383 LlB.
634 316 744 383 CXII
778 313 994 385 LlVIANl.
1161 344 1181 413 7

101 437 316 523 praesentibus
330 435 529 516 deliberant,
542 437 575 499 in
588 436 661 499 navi
672 435 827 499 sollicitus
839 437 1086 524 opperiebatur,
1100 441 1181 526 quid

100 538 142 602 tle
157 562 191 601 se
210 538 372 602 Pothinus
388 537 490 625 spado
507 538 561 626 (hi
579 552 671 601 erant
686 537 790 624 capita
804 538 939 624 rerum)
959 555 991 601 et
1007 538 1181 628 AEgyptius

45 723 51 733 ι
102 641 261 722 Achillas,
280 656 312 704 et
326 656 507 728 preceptor
522 639 615 727 pueri
631 638 824 702 Theodotus
837 641 964 704 Samius
978 639 1181 723 decressent,

101 743 253 831 princeps
272 741 400 805 romani
421 741 585 822 nominis,
606 741 709 827 etqui
730 738 889 803 beneficio
907 740 1039 803 Caesaris
1062 744 1181 806 servari

102 845 259 908 miserum
277 860 310 907 et
327 843 475 907 deforme
490 843 698 906 existimaret.
717 843 831 923 Quum
848 842 916 905 aliis
934 842 1180 928 recipiendum,

101 944 171 1008 aliis
187 962 303 1009 contra
321 942 507 1025 videretur,
530 942 723 1008 Theodotus
749 946 833 1008 forte
852 944 987 1032 cupiens
1009 944 1181 1009 ostendere

101 1045 289 1110 facundiam
310 1047 403 1135 (erat
423 1045 510 1110 enim
528 1046 732 1134 professione
751 1046 907 1132 rhetor),
925 1061 1070 1109 neutrum
1081 1051 1182 1110 consi·

99 1148 178 1212 laam
194 1148 320 1213 sabtbre
336 1172 398 1213 esse
420 1148 594 1212 disseruit:
611 1146 716 1211 ubera
734 1149 885 1211 sententia
904 1147 1067 1211 domiuum
1080 1152 1182 1237 AEgy·

93 1264 170 1337 pto,
187 1265 220 1315 ct
235 1250 436 1314 bellumcum
453 1248 577 1316 Caesare
594 1250 709 1338 rectio&
729 1248 833 1313 altera
843 1247 969 1338 effudi
978 1250 1180 1338 Pompeium,

98 1373 157 1413 nee
174 1352 249 1414 uuit
260 1353 403 1439 gratiam
420 1351 462 1415 ab
484 1350 633 1416 Caesare:
650 1349 734 1413 nihil
747 1352 856 1413 melius
865 1398 875 1430 ,
896 1374 994 1438 quam
1007 1367 1105 1415 inette
1117 1356 1183 1417 viti

84 1449 300 1535 fhrmffimm
321 1453 363 1516 ab
380 1456 445 1541 ipso
466 1451 575 1515 tollere
590 1501 600 1532 ,
621 1450 776 1540 simulqtte
789 1451 943 1516 demereri
957 1476 1043 1534 cum,
1061 1457 1118 1542 qui
1130 1479 1180 1518 re·

97 1576 171 1616 rum
183 1556 353 1642 potiremr.
374 1552 536 1633 Adiecisse
553 1568 586 1616 et
601 1552 776 1640 proverbio
789 1552 938 1632 jactatam
964 1575 1076 1618 vocem
1100 1555 1181 1620 dici·

99 1671 174 1736 tur,
191 1671 329 1720 mortuos
344 1680 408 1720 nou
422 1656 574 1719 mordere.

143 1758 214 1822 XV.
231 1759 309 1841 llaec
329 1758 387 1822 ubi
406 1758 556 1848 placuere
573 1756 746 1838 omnibus,
763 1757 896 1822 Achillae
918 1759 1086 1847 negotium
1105 1782 1179 1846 per-

98 1860 260 1942 mittitur,
277 1860 404 1923 homini
423 1858 594 1949 singularis
610 1857 752 1922 audaciae
765 1881 773 1922 ε
788 1875 886 1945 atque
905 1859 932 1922 is
955 1883 1031 1922 eum
1046 1863 1179 1946 parvula

98 1961 246 2024 navicula
261 1961 303 2026 ad
319 1962 514 2049 Pompeium
531 1959 673 2041 accedit,
692 1961 769 2023 litus
787 1982 961 2041 excusans,
978 1960 1067 2047 quod
1082 1961 1180 2026 vado·

97 2085 171 2126 sum
189 2080 223 2127 et
236 2063 376 2128 infidum
395 2065 515 2143 majora
538 2062 664 2150 navigia
685 2085 752 2124 non
772 2077 947 2149 pateretur.
963 2063 1101 2126 Minime
1115 2064 1181 2150 pla-

98 2164 191 2228 cebat
211 2188 248 2228 ea
272 2188 324 2229 res
345 2165 475 2244 amicis,
495 2165 553 2252 qui
574 2163 665 2251 prius
692 2178 952 2250 exspectassent,
973 2179 1009 2226 ut
1028 2164 1097 2251 ipse
1121 2187 1178 2228 rex

98 2288 173 2328 rum
189 2267 306 2329 illustri
321 2267 478 2330 comitatu
494 2265 686 2353 procederet
699 2264 848 2344 obviam;
865 2280 897 2328 et
913 2264 982 2351 ipse
1001 2265 1177 2351 Pompeius

99 2367 292 2456 praesagium
320 2368 420 2430 animi
443 2364 628 2455 Sophocleo
656 2366 799 2428 carmine
824 2364 1007 2445 fatebatur,
1027 2366 1118 2452 quod
1134 2390 1178 2429 ex
1212 2376 1218 2387 '

98 2465 200 2528 liberis
210 2466 396 2551 servosfien‘
410 2468 505 2550 dicit,
519 2481 672 2556 quotquot
682 2478 891 2553 tyrammrum
906 2468 1043 2530 adierant
1056 2469 1175 2534 domos.

99 2568 184 2630 Cum
196 2569 262 2633 hoc
276 2567 365 2633 dicto
378 2569 548 2634 descendit
561 2571 594 2632 in
606 2569 806 2649 naviculam,
818 2590 894 2631 cum
905 2568 1037 2633 duobus
1050 2586 1177 2635 tantum

98 2670 373 2752 centurionibus,
397 2672 656 2758 libertorumque
683 2687 717 2734 et
741 2693 910 2735 servorum
939 2672 1094 2760 siugulis,
1118 2676 1176 2738 ubi

98 2788 274 2858 conspecto
290 2772 325 2836 L.
343 2773 521 2860 Septimio,
540 2775 596 2860 qui
619 2772 704 2836 bello
725 2770 917 2860 praetlonum
935 2774 1023 2860 apud
1039 2798 1073 2837 se
1088 2777 1176 2840 ordi·

99 2896 174 2937 uem
189 2874 341 2957 (luxerat,
358 2874 477 2939 deinde
495 2899 571 2938 cum
589 2874 730 2938 Gabinio
744 2875 910 2961 profectus
927 2875 1174 2959 Alexandriam,

99 2976 270 3040 tribunum
282 2979 421 3042 militum
433 2978 566 3068 agebat,
578 3008 590 3031 α
600 2977 647 3040 'l'e
659 2976 793 3064 quidem
806 2976 930 3057 hercle,
944 2978 1068 3064 inquit,
1083 2984 1175 3063 novi,

99 3081 300 3143 ·commilito
310 3082 317 3143 !
329 3113 342 3137 ι»
355 3083 463 3168 Atque
477 3081 523 3160 is,
538 3080 630 3143 nullo
643 3101 801 3168 responso
812 3077 908 3157 dato,
927 3079 1032 3165 capite
1045 3095 1174 3144 tantum

99 3198 225 3246 annuit.
729 3247 731 3250 ,

144 3285 231 3347 xvl.
252 3286 341 3347 lnter
358 3285 426 3348 haec
443 3284 726 3373 appropinquabat
739 3283 846 3364 litori,
864 3298 897 3346 et
912 3299 1020 3346 motus
1033 3283 1068 3345 in
1090 3301 1174 3348 terra

99 3387 274 3468 exercitus,
288 3403 525 3475 conspectaque
537 3388 570 3450 in
580 3387 709 3475 agmine
721 3386 805 3475 regis
819 3407 964 3472 purpura
974 3436 982 3461 ‚
993 3408 1083 3473 spem
1092 3389 1173 3450 Cor-

99 3488 190 3552 neliae
205 3488 394 3576 caeterisque
408 3487 507 3552 dabat
522 3488 663 3578 benigne
685 3502 854 3573 receptum
874 3485 930 3567 iri;
947 3509 1051 3573 quum
1067 3509 1174 3551 assur·

97 3605 226 3677 gentem
247 3614 265 3653 a
287 3591 322 3654 L.
340 3592 497 3679 Septimio
518 3592 680 3678 primum,
702 3587 822 3653 deinde
842 3588 882 3651 ab
902 3587 1026 3651 Achilla
1048 3591 1174 3676 percuti

97 3692 216 3757 vident.
237 3692 275 3756 ld
296 3695 517 3782 spectaculum
539 3709 606 3757 tarn
624 3691 856 3780 necopinatum
872 3705 905 3752 et
918 3705 1027 3769 atrox,
1045 3706 1172 3753 tantum

98 3795 245 3859 excitavit
265 3796 299 3858 in
321 3796 458 3860 navibus
475 3795 623 3875 luctum,
644 3809 680 3855 ut
693 3792 833 3882 gemitus
854 3789 1014 3878 fletusque
1031 3792 1063 3853 in
1079 3792 1173 3855 litore

131 3996 230 4058 gxiv.
247 3996 353 4061 Appian.
366 4024 400 4031 -
415 3994 480 4043 Plut.
493 4022 526 4030 -
540 3994 606 4041 t'tor.
618 4020 651 4029 -
665 3997 756 4041 Lucan.
772 4021 807 4029 —
817 3993 869 4040 Liv.
880 3994 947 4056 Epit.
962 4018 994 4027 -—
1005 3970 1066 4039 vett,
1078 3994 1115 4051 ll,
1131 3993 1174 4042 53.

98 4108 130 4118 -
145 4079 161 4146 s
173 4082 231 4128 XV.
243 4080 306 4129 Ces.
320 4107 352 4117 -
362 4080 420 4129 llio.
430 4106 464 4115 -
473 4078 539 4126 Plut.
550 4105 584 4115 -
596 4079 705 4143 Appiam.
