2686 4822
137 364 182 433 28
310 369 377 434 JO.
406 365 752 434 FliElNSllEblll
785 364 1032 433 SUPPLEM.

136 485 259 572 Syriam
286 483 486 567 ducebatur,
511 486 596 574 legio
623 499 733 574 posset
757 506 952 548 occurrere:
976 506 1095 567 naves,
1122 487 1212 550 Euro

136 586 343 651 continenter
361 586 478 667 flante,
495 587 664 674 pervenire
679 584 906 650 Alexandriam
924 585 1114 674 nequibant.

178 686 325 753 LXVIII.
348 688 453 777 Igitur
469 691 594 771 Caesar,
612 705 650 752 ut
668 688 703 751 in
726 710 761 751 re
781 687 933 775 praesenti
955 688 1075 752 certius
1100 691 1210 753 consi-

136 789 215 852 liurn
230 805 379 877 caperet,
396 812 473 854 curn
488 790 580 854 omni
600 791 700 854 classe
717 811 756 852 eo
772 786 989 877 proficiscitur
1006 812 1014 853 :
1040 788 1131 877 quod
1151 790 1209 853 ubi

134 891 304 980 cognitum
321 908 371 956 est
386 891 606 974 Alexandriae,
626 913 734 978 neque
758 889 864 957 ullum
883 912 1057 954 romanum
1074 891 1210 955 militem

134 1014 203 1073 esse
218 992 251 1055 in
269 993 427 1074 naribus,
444 993 567 1080 quippe
588 993 686 1082 paulo
708 990 837 1079 longius
854 1012 1065 1078 processurus
1084 992 1210 1071 Caesar,

134 1093 485 1159 nudare.munitiones
507 1093 679 1174 noluerat,
702 1090 863 1180 quidquid
885 1090 1050 1155 habebant
1076 1092 1209 1156 navium

133 1210 280 1281 paratum
309 1193 610 1284 propugnatoribus
636 1192 824 1281 complent,
852 1207 886 1256 et
916 1191 1065 1258 redeunti
1092 1195 1209 1258 Caesari

133 1312 321 1361 occurrunt.
333 1297 406 1374 Ille,
417 1317 526 1384 neque
539 1294 717 1383 remigibus
731 1295 807 1358 satis
825 1292 1011 1375 confidens,
1026 1316 1133 1382 neque
1144 1294 1209 1359 sub

134 1413 264 1462 noctem
289 1419 365 1461 curn
388 1397 484 1461 hoste
499 1397 650 1463 locorum
672 1418 774 1485 gnaro
797 1394 951 1460 dimicare
972 1411 1082 1460 tutum
1099 1411 1209 1472 ratus,

133 1497 281 1584 praelium
305 1497 443 1580 vitabat3
469 1496 576 1562 donec
599 1519 665 1561 una
693 1496 784 1561 naris
808 1494 1013 1561 Rhodiorum
1039 1497 1209 1588 longiusa

132 1600 254 1665 eaeteris
266 1623 302 1664 se
317 1601 533 1689 abrumpens,
548 1622 652 1688 quum
669 1599 711 1663 ab
730 1597 892 1689 AEgyptiis
904 1598 1208 1681 circumveniretur,

133 1703 352 1790 impatientem
366 1701 554 1791 ignominiae
565 1705 740 1783 Caesarem,
759 1702 861 1764 aleam
870 1700 977 1782 jacere
993 1702 1161 1790 coegisset.

175 1804 294 1869 nxlx.
309 1804 438 1868 Virtute
452 1821 561 1870 tamen
577 1821 609 1868 et
622 1804 755 1868 scicntia
767 1802 994 1883 Rhodiorum,
1012 1826 1112 1892 penes
1123 1828 1209 1891 quos

132 1904 190 1968 diu
216 1907 377 1994 praecipua
407 1906 471 1972 fuit
493 1907 540 1970 rei
568 1906 737 1972 maritimae
763 1904 885 1994 gloria,
910 1904 1007 1988 vicit3
1030 1906 1209 1993 multisque

131 2005 276 2071 bostium
303 2007 507 2086 interfectis,
532 2021 641 2094 captas
663 2008 789 2093 aliquot
814 2028 911 2070 naves
939 2007 1085 2071 remulco
1112 2011 1209 2074 traxit

131 2107 368 2174 Alexandriam.
380 2109 533 2198 Magnam
552 2132 589 2172 ea
605 2131 657 2172 res
673 2107 931 2195 desperationem
947 2107 1109 2198 AEgyptiis
1124 2121 1210 2176 attu-¹

132 2209 186 2289 lit,
212 2208 304 2297 quod
318 2209 384 2290 jaan
403 2210 473 2273 sine
498 2210 617 2274 robore
635 2210 762 2273 romani
780 2209 910 2293 militis,
936 2210 1167 2276 tantummodo
1189 2238 1206 2276 a

131 2311 299 2375 classiariis
315 2327 423 2376 essent
436 2311 589 2399 superati.
607 2312 712 2400 Igitur
721 2312 787 2398 jam
800 2311 920 2394 etiam,
935 2335 977 2376 ne
993 2335 1012 2376 a
1024 2313 1123 2377 classe
1135 2317 1208 2378 Cae-

130 2413 209 2475 saris
227 2411 386 2501 oppidum
403 2435 517 2477 eorum
532 2430 796 2502 oppugnaretur,
811 2413 922 2496 veriti,
939 2436 976 2477 os
988 2432 1103 2503 portus
1115 2464 1124 2497 ,
1138 2439 1209 2505 spa·

132 2514 178 2576 tio
194 2511 236 2577 ad
251 2513 486 2603 egrediendum
502 2516 615 2580 relicto
633 2537 700 2579 non
715 2537 854 2605 magno,
871 2516 1106 2580 obstruxerunt
1124 2517 1207 2598 inje-

130 2630 185 2678 cto
200 2637 325 2703 aggere.
345 2618 462 2703 Neque
478 2633 588 2681 tamen
608 2616 758 2682 homines
774 2616 856 2680 mari
869 2615 1010 2696 assueti,
1033 2615 1091 2679 diu
1104 2618 1207 2683 absti-

132 2737 208 2778 nere
222 2730 420 2802 potuerunt:
443 2732 476 2780 et
495 2739 682 2804 quanquam
706 2740 804 2805 supra
827 2733 960 2781 centum
978 2717 1089 2783 decern
1109 2743 1207 2785 naves

130 2816 323 2898 amiserant,
343 2816 431 2881 baud
448 2815 623 2881 difficulter
642 2818 782 2906 reparari
799 2841 894 2906 posse
910 2819 1043 2883 classem
1056 2818 1206 2886 reficien-

129 2918 179 2982 dis
197 2917 361 2983 veteribus
378 2919 532 2996 navibus,
547 2936 581 2984 et
596 2919 774 3009 cogendis,
795 2943 869 3008 quae
888 2921 930 2986 ad
951 2921 1108 3012 exigenda
1127 2942 1206 3011 por·

130 3020 213 3085 toria
229 3043 288 3109 per
304 3021 415 3086 omnia
428 3021 509 3089 ostia
527 3022 591 3087 Nili
608 3037 702 3086 erant
716 3021 899 3110 dispositae,
915 3023 1083 3088 rebantur.

173 3122 275 3190 Lxx.
292 3123 408 3210 Neque
429 3124 614 3205 conjectura
637 3124 707 3188 salsi
724 3125 834 3212 paucis
850 3124 965 3190 diebus
982 3125 1206 3214 quadriremes

129 3223 209 3290 duas
227 3241 260 3289 et
275 3225 408 3314 viginti,
432 3227 685 3314 quinqueremes
704 3226 851 3314 quinque
873 3227 1105 3306 confecerunt3
1124 3249 1206 3313 quas

129 3327 212 3390 intra
227 3342 360 3415 portum
377 3327 513 3417 remigio
528 3327 717 3416 periclitati,
731 3351 809 3393 cum
823 3328 1007 3392 minoribus
1021 3328 1207 3417 apertisque

128 3428 263 3493 navibus
290 3430 401 3494 multis
425 3430 643 3517 repleverunt.
671 3429 757 3493 Huic
780 3445 898 3518 paratae
920 3428 961 3494 ad
980 3428 1205 3494 dimicandum

127 3530 219 3595 classi
242 3532 347 3599 Cem-
370 3554 445 3594 eum
468 3530 730 3619 quadriremibus
755 3531 887 3612 decem,
911 3531 1206 3619 quinqueremibus

128 3630 281 3712 totidem,
298 3648 380 3719 quot
398 3632 508 3697 hostes
525 3632 707 3708 habebant,
724 3632 973 3718 minoribusque
989 3631 1125 3696 navibus
1143 3655 1206 3696 un·

127 3731 303 3822 deviginti‚
322 3732 453 3799 Pharon
473 3734 710 3798 circumvectus
733 3757 767 3797 se
787 3733 952 3822 opposuit.
972 3735 1138 3822 Angustus
1157 3733 1207 3797 in-

107 3919 111 3924 ,
128 3852 177 3898 ter
193 3824 351 3922 utrosque
373 3859 430 3925 per
448 3835 529 3900 vada
545 3836 699 3901 transitus
716 3852 804 3918 crat,
821 3836 925 3924 etqui
945 3836 1033 3923 prior
1051 3836 1205 3925 ingrede-

127 3953 228 4019 retur,
245 3938 278 4002 in
290 3938 400 4003 locum
412 3937 562 4027 iniquum
575 3961 609 4001 se
621 3954 689 4001 erat
699 3936 911 4003 demissurus.
924 3938 1037 4019 Quum
1048 3937 1206 4023 utrinque

161 4137 286 4201 §ama
302 4139 364 4198 Ilio,
376 4138 419 4185 lib.
436 4139 538 4185 xtvn.
555 4165 589 4175 -
603 4139 668 4187 llirt.
