2686 4822
188 370 208 451 l
363 369 429 434 10.
458 365 800 435 rasinsaaun
832 365 1076 437 surenam.

182 489 315 552 (laesuris
328 486 516 568 arbitrium,
533 486 692 568 fecerant,
707 487 846 552 ubilibet
865 505 1024 555 terrarum
1042 491 1255 558 rebellionem

185 590 436 658 meditabantur.
448 589 489 670 Q.
502 589 617 652 Cicero
632 588 735 670 filius,
750 611 853 676 quum
870 591 1011 679 Corcyra
1024 591 1257 675 discederetur,

183 695 293 758 Patras
320 692 426 772 venit,
449 690 507 754 ubi
532 706 622 778 pater
646 690 716 769 ejus
741 706 813 754 tum
841 691 977 781 agebat3
1001 694 1058 781 qui
1085 717 1152 758 una
1177 717 1255 758 cum

183 795 294 857 multis
319 793 388 856 aliis
411 791 616 855 senatoribus
642 790 683 854 ad
704 793 839 856 Fusium
861 793 1015 857 Calenum
1038 817 1073 859 se
1097 796 1257 875 contulit,

182 919 280 983 quem
299 918 317 958 a
335 896 458 957 Caesare
475 893 610 956 missum
631 891 732 955 fuisse
750 895 785 956 iu
798 893 952 959 Achaiam
967 894 1187 982 praediximus.
1208 897 1259 960 Ex

182 1021 221 1061 eo
232 1019 370 1061 numero
382 997 450 1059 Ser.
459 994 621 1081 Sulpicius
630 1041 640 1075 ,
650 996 689 1058 A.
700 994 904 1083 Torquatus,
920 996 965 1060 M.
976 997 1148 1063 Marcellus
1156 997 1259 1063 Athe·

182 1100 233 1163 nis
249 1098 483 1163 substiterunt:
501 1096 536 1190 in
551 1095 738 1184 Bithyniam
755 1119 789 1159 se
802 1096 840 1160 T.
855 1098 1012 1162 Antistius
1030 1097 1072 1162 ad
1086 1098 1257 1163 hominem

183 1198 371 1264 familiarem
386 1202 424 1264 A.
440 1198 605 1262 Plautium
623 1198 761 1286 recepit,
781 1198 957 1288 pluresque
974 1200 1027 1263 alii
1043 1221 1102 1287 per
1116 1199 1258 1264 diversas

184 1301 266 1364 Asiae
284 1297 469 1388 provincias
481 1299 612 1362 victoris
630 1299 835 1362 clementiam
849 1318 1089 1388 exspectarunt.

228 1403 300 1466 Vll.
326 1404 434 1487 Atque
459 1401 510 1464 his
536 1400 694 1464 omnibus
723 1399 816 1464 ocius
839 1402 959 1483 serius,
983 1418 1021 1465 ut
1045 1403 1164 1490 cuique
1188 1423 1259 1466 sors

185 1504 264 1593 fuit,
278 1503 405 1593 ignovit
416 1504 538 1583 Caesar;
555 1500 774 1590 quorumdam
789 1502 884 1566 etiam
899 1524 997 1592 opera
1012 1503 1164 1593 deinceps
1178 1528 1260 1568 usus

185 1621 247 1686 est,
259 1606 532 1694 magistratusque
547 1602 587 1667 iis
603 1619 636 1667 et
652 1603 835 1692 provincias
850 1604 949 1669 dedit.
970 1608 1011 1669 At
1025 1607 1145 1693 quibus
1161 1629 1260 1670 reno·

185 1707 398 1772 terebellum
417 1707 558 1794 placuit,
578 1706 750 1794 partimin
771 1707 842 1794 ipso
861 1722 981 1771 conatu
1000 1709 1150 1772 exstincti
1165 1724 1261 1788 sunt3

184 1811 332 1897 plerique
344 1809 378 1871 in
392 1808 530 1872 Africam
545 1830 580 1871 se
596 1808 819 1871 contulerunt.
835 1808 1028 1896 Pompeius,
1041 1811 1090 1873 uti
1103 1810 1261 1891 diximus,

185 1912 332 1975 ecastris
349 1910 416 1976 suis
434 1932 521 1997 equo
539 1908 689 1997 fugiens,
707 1911 886 1992 Larissam3
909 1909 987 1975 inde
1005 1935 1064 1999 per
1079 1912 1264 1976 Thessalica

185 2014 327 2101 Tempe,
342 2012 439 2076 etiam
452 2026 654 2098 pernoctem
667 2013 859 2076 continuato
874 2036 989 2096 cursu,
1006 2037 1081 2077 cum
1096 2015 1263 2102 equitibus

186 2114 319 2203 triginta
335 2111 377 2176 ad
396 2135 484 2176 mare
495 2112 596 2175 venit.
609 2112 660 2175 lbi
677 2135 857 2177 conscenso
873 2138 975 2202 parvo
994 2132 1027 2179 et
1043 2115 1189 2180 fluviatili
1207 2139 1265 2180 na·

186 2216 291 2304 vigio,
307 2214 442 2302 paulum
459 2228 653 2301 provectus,
677 2215 711 2277 in
734 2216 819 2279 ostio
842 2217 939 2280 Penei
960 2218 1064 2281 amnis
1082 2219 1263 2282 onerariam

187 2315 356 2405 conspexit
369 2314 675 2404 praetervehentem,
688 2316 884 2403 agnitusque
894 2340 912 2381 a
924 2317 1059 2382 domino
1071 2318 1176 2402 navis,
1192 2336 1265 2383 tum

188 2418 327 2482 maxime
353 2415 519 2480 somnium
543 2438 640 2479 suum
668 2433 854 2504 exponente
871 2419 1075 2502 vectoribus,
1095 2439 1267 2510 susceptus

189 2536 257 2599 est3
277 2518 399 2606 quippe
417 2540 476 2606 per
489 2518 651 2606 quietem,
668 2518 863 2607 Pompeium
881 2520 980 2610 longe
996 2520 1134 2611 dispari,
1165 2546 1265 2611 quam

121 2682 127 2694 ,
190 2640 259 2684 esse
278 2634 508 2698 consueverat,
526 2620 636 2701 cultu,
662 2642 758 2708 opem
773 2643 865 2685 suam
883 2639 1111 2710 exposcentem
1129 2624 1265 2690 viderat.

236 2717 623 2784 Vlll.'1'ranscenderunt
640 2744 716 2785 cum
734 2744 774 2785 eo
790 2725 826 2787 L.
836 2725 1010 2806 Lentulus,
1026 2727 1083 2813 qui
1099 2727 1267 2815 superiore

191 2845 279 2887 anno
296 2820 411 2885 consul
430 2820 554 2901 luerat,
573 2836 606 2884 et
619 2823 655 2886 P.
667 2823 825 2886 Lentulus
841 2824 1038 2906 consularis,
1057 2842 1090 2890 et
1104 2827 1149 2892 M.
1162 2830 1266 2892 Favo-

193 2926 268 2988 nius
284 2922 472 3013 praetorius3
497 2921 616 2986 deinde
637 2938 671 2985 et
686 2946 795 3012 regem
812 2924 1022 3009 Dejotarum,
1042 2949 1128 3014 equo
1146 2951 1267 3017 prope·

193 3041 320 3090 rantem
336 3023 377 3088 ad
392 3024 470 3087 litus
486 3023 681 3111 conspicati,
698 3046 858 3114 recepere.
873 3026 955 3090 Inde
967 3049 1025 3115 per
1036 3030 1266 3094 Thermaicum

195 3128 322 3207 sinum,
340 3140 372 3189 et
388 3124 540 3211 deinceps
554 3142 671 3212 praeter
683 3126 907 3192 Macedoniam
919 3129 1018 3212 vecti,
1031 3129 1072 3194 ad
1083 3133 1267 3221 Amphipo-

196 3232 252 3295 lim
272 3230 421 3310 jecerunt
442 3249 613 3309 ancoram;
639 3251 737 3315 quam
759 3227 801 3292 ad
823 3230 939 3294 urbem
965 3231 1072 3296 edicto
1092 3235 1268 3297 convenire

193 3333 340 3413 juniores
360 3330 492 3394 Graecos
512 3329 664 3417 civesque
680 3351 833 3394 romanos
844 3330 997 3414 jusserat,
1014 3334 1267 3420 reparandarum

195 3435 314 3499 virium
327 3454 422 3521 ergo,
437 3431 464 3494 si
478 3431 619 3518 spatium
635 3431 816 3514 habuisset;
832 3456 872 3496 an
888 3435 1004 3524 magis,
1017 3452 1055 3499 ut
1066 3436 1154 3525 fuga,
1168 3457 1268 3524 quam

198 3535 412 3615 moliebatur,
435 3548 528 3597 tanto
553 3548 638 3597 esset
662 3534 830 3598 occultior.
856 3536 951 3599 Certe
973 3537 1104 3600 Caesaris
1125 3536 1269 3601 adventu

198 3638 346 3728 cognito,
359 3635 501 3699 Lesbum
515 3635 710 3717 transmisit,
726 3636 784 3700 ubi
797 3635 892 3700 initio
907 3637 982 3702 belli
995 3639 1179 3703 Corneliam
1189 3661 1270 3703 con·

194 3744 307 3830 jugem
320 3752 516 3825 seposuerat.
533 3736 752 3802 Invitantibus
768 3737 802 3800 in
816 3738 932 3803 urbem
951 3763 1042 3803 suam
1060 3739 1268 3828 Mitylenaeis,

231 3960 570 4029 §vtcteadnniexu
585 3960 974 4021 5et153idemedFemll.Vl,
991 3980 1000 4011 1
1011 3982 1019 4024 ς
1031 3966 1077 4023 tv,
1094 3980 1123 4012 ια
1134 4000 1141 4023 ,
1151 3975 1176 4013 et
1188 3966 1268 4024 xm,

197 4062 240 4109 ²9·
253 4075 287 4084 —
301 4046 387 4110 §VIL
402 4045 576 4103 Lucamvlll,
596 4061 667 4093 1.-
688 4045 742 4094 Cic.
758 4045 790 4094 ad
807 4047 949 4107 samum,
962 4048 985 4096 ⁵.
1004 4075 1040 4085 ·-
1054 4048 1173 4104 slontv.
1191 4063 1217 4095 a.
1233 4076 1269 4086 -

197 4130 258 4179 Cn.
273 4156 305 4167 -
319 4127 422 4176 Plutia
436 4130 524 4193 Pomp.
535 4144 590 4191 cap.
601 4144 643 4176 uo.
654 4129 804 4194 -Appnn
816 4130 845 4182 B.
854 4129 910 4180 etv.
919 4131 964 4180 lib.
976 4134 1008 4181 11.
1019 4133 1135 4182 -Oron
1144 4133 1197 4189 VI,
1210 4131 1251 4182 15.
