2686 4822
148 353 194 427 36
238 356 303 425 JO.
322 352 514 422 FREINS.
536 353 671 422 SUPP.
692 353 746 422 IN
771 354 887 424 LOC.
907 354 1003 422 LIB.
1024 355 1153 424 CXII.

145 493 354 566 conspectum
363 477 508 541 hostium
519 477 666 539 tulerunt
674 498 682 539 τ
691 492 781 539 sexta
789 493 822 540 et
835 476 995 541 tricesima
1007 477 1104 567 legio,
1113 501 1219 565 quum

143 595 231 643 totus
244 580 327 669 regis
342 579 502 642 exercitus
516 599 587 640 eam
604 575 737 642 adortus
754 593 854 660 esset,
868 579 989 643 virtius
1001 602 1035 643 sc
1048 579 1219 664 defendit,

142 680 332 768 amissisque
343 678 500 742 militibus
512 676 649 740 omnino
664 677 813 743 ducentis
828 679 1082 769 quinquaginta,
1093 681 1125 744 in
1145 683 1218 746 loca

142 781 207 855 ¹situ
224 798 293 845 tuta
309 803 344 844 se
357 779 489 867 recepit.
509 778 592 843 Inde
612 780 795 862 Domitius,
814 781 958 845 collectis
976 781 1121 869 reliquiis
1132 768 1217 846 suo-

141 904 235 963 rum,
261 904 322 970 per
340 879 577 970 Cappadociam
592 881 626 943 in
644 881 754 945 Asiam
773 880 878 947 rediit.
904 883 1105 965 Pharnaces,
1132 885 1217 948 mire

141 984 243 1047 elatus
269 983 330 1047 bac
358 982 509 1063 victoria,
534 982 652 1045 multas
682 982 818 1046 extorsit
842 984 966 1071 populo
994 1006 1131 1048 romano
1158 1008 1215 1047 so·

140 1086 263 1173 ciisquc
281 1085 483 1173 provincias,
503 1083 674 1171 Bithynia,
693 1082 912 1172 Cappadocia,
934 1083 1145 1172 finitimisque
1163 1108 1215 1150 re·

138 1186 290 1276 gionibus
307 1186 490 1274 occupatis,
515 1185 701 1272 pulsisque,
726 1187 784 1273 qui
806 1183 964 1250 beneficio
986 1189 1213 1252 Romanorum

136 1289 206 1353 baec
222 1288 447 1370 obtinuerant,
457 1286 589 1375 regulis.
602 1286 738 1373 Recepit
752 1302 784 1350 et
797 1285 961 1368 Pontum,
975 1289 1067 1351 nullo
1077 1289 1142 1369 jam
1159 1288 1214 1353 de-

136 1387 307 1471 fendente3
320 1388 501 1475 Amisoque
519 1403 720 1475 expugnata,
731 1386 904 1452 saevissime
919 1389 1065 1452 tractavit
1081 1405 1113 1452 et
1124 1391 1211 1455 cives

136 1511 305 1571 romanos,
321 1489 379 1576 qui
387 1489 434 1552 ibi
447 1488 710 1577 negotiabantur,
721 1503 754 1552 et
765 1486 963 1575 oppidanos,
981 1488 1211 1555 interficiendo

134 1593 289 1680 puberes,
310 1588 491 1655 exsecando
507 1611 648 1678 pueros,
668 1590 760 1653 nullo
776 1589 992 1677 praetermisso
1014 1612 1133 1678 genere
1151 1610 1211 1665 aut

132 1692 337 1781 ignominiae,
353 1708 410 1755 aut
419 1689 630 1755 crudelitatis.
638 1690 720 1754 Inde
731 1692 798 1772 jam
811 1714 871 1778 per
879 1691 1062 1779 bithyniam
1074 1708 1210 1781 paterna

132 1794 266 1882 vestigia
288 1814 460 1882 premens,
480 1792 587 1856 Asiam
612 1791 775 1881 cogitabat
797 1792 968 1873 invadere3
991 1793 1208 1882 fecissetque,

131 1894 208 1973 nisi,
227 1893 365 1958 Asandri
382 1893 531 1956 nuntiata
546 1892 746 1974 defectione,
768 1893 883 1957 fuisset
898 1911 1088 1978 revocatus,
1105 1919 1205 1983 quem

129 1996 318 2081 Bosporano
334 2016 437 2082 regno
453 1993 648 2080 prefecerat.
666 1997 743 2059 Haec
761 2016 822 2080 pro
846 1995 1071 2084 magnitudine
1093 2021 1205 2063 rerum

129 2095 288 2159 celeribus
304 2111 337 2160 et
352 2094 464 2159 calidis
481 2095 605 2158 nuntiis
621 2095 662 2158 ad
676 2097 834 2158 Caesarem
849 2093 970 2179 delata,
988 2120 1132 2161 mersum
1149 2123 1207 2163 vo·

128 2196 325 2284 luptatibus,
347 2212 380 2259 et
395 2196 542 2285 aegyptiis
566 2193 688 2258 deliciis
705 2195 944 2283 mancipatum,
966 2194 1007 2257 ad
1023 2196 1204 2283 rempubli-

129 2319 200 2360 cam
217 2294 468 2385 capessendam,
484 2294 616 2360 duobus
633 2296 796 2360 acerrimis
813 2295 952 2360 stimulis
966 2296 1157 2363 excitarunt.
1239 2380 1243 2388 Ι

158 2498 243 2563 §XC
255 2500 321 2551 Hirt.
332 2527 367 2538 -
378 2499 437 2549 Dio.
452 2524 487 2538 -
498 2498 565 2549 l‘lut.
576 2498 603 2548 iu
616 2500 678 2549 Ces.
690 2514 745 2565 cap.
757 2499 799 2560 73.
809 2524 845 2537 -
855 2497 966 2564 Appiae.
979 2495 1095 2546 Mithrid.
