2686 4822
221 359 269 443 46
397 360 466 451 JO,
493 360 834 431 FREINSHEMII
867 363 1117 433 SUPPLEM.

217 504 307 546 arina
316 482 431 562 jubere
442 503 574 569 capere,
588 481 750 548 instruere
761 500 918 565 armatos,
931 500 980 568 et,
992 484 1073 573 quid
1085 484 1212 572 ubique
1225 483 1297 549 fieri

219 587 334 666 vellet,
354 582 536 647 ostendere.
551 584 687 649 Interim
704 585 810 650 falcati
826 609 941 650 currus
960 587 1045 675 regis
1062 588 1251 669 affuerunt3
1264 603 1299 653 et

219 701 353 776 propter
368 683 573 770 iniquitatem
592 685 672 767 loci,
687 708 875 774 quanquam
894 710 913 750 a
930 687 1193 776 trepidantibus,
1212 680 1318 754 mul·¹

219 786 360 851 titudine
376 786 518 850 telorum
535 786 624 850 haud
640 786 815 852 difficulter
828 789 974 876 oppressi
987 806 1075 853 sunt.
1086 790 1232 877 Sequuta
1247 806 1299 856 est

219 891 303 954 acies
316 888 481 969 hostium3
497 910 606 974 neque
615 889 744 953 turbata
757 912 893 954 suorum
904 912 997 971 casu,
1008 888 1153 954 conflixit
1168 891 1296 956 acriter,

219 991 283 1057 Sed
298 991 375 1078 qnia
387 992 422 1053 in
436 989 613 1053 subeuntes
627 991 691 1079 pila
706 1013 745 1054 ex
759 991 848 1054 edito
861 992 1130 1073 conjiciebantur,
1145 992 1213 1056 cito
1226 1014 1298 1057 mu·

220 1109 283 1158 tata
299 1093 410 1180 praelio
424 1108 474 1156 est
488 1093 586 1174 rati03
600 1093 778 1181 praesertim
795 1092 908 1157 dextro
923 1116 1029 1158 cornu
1040 1142 1055 1177 ,
1065 1094 1124 1158 ubi
1145 1108 1234 1157 sexta
1247 1094 1297 1158 le·

220 1196 274 1286 gio
291 1195 490 1258 constiterat.
507 1194 664 1275 Sinistro,
678 1193 850 1281 mediaque
866 1193 950 1273 acie,
964 1192 1105 1276 tardius,
1114 1192 1173 1257 sed
1186 1209 1298 1259 tamea

219 1293 377 1385 profligati
398 1311 476 1358 sunt
492 1294 590 1382 regii,
615 1311 648 1357 et
664 1317 724 1382 per
739 1295 939 1382 praecipitem
954 1295 1071 1358 vallem
1093 1295 1172 1376 acti,
1199 1295 1297 1359 multi

217 1396 328 1461 hostili
343 1397 448 1477 ferro,
474 1395 528 1458 alii
546 1417 683 1459 suorum
707 1394 922 1460 incidentium
941 1395 1088 1484 pondere
1106 1396 1297 1484 procubue-

219 1515 320 1564 runt:
338 1499 396 1585 qui
414 1513 524 1560 autem
541 1497 703 1562 celeritate
721 1514 846 1585 pestem
863 1513 1037 1585 utramque
1050 1498 1298 1581 vitaverant,ut

220 1601 401 1688 expeditius
415 1603 583 1692 fugemnt,
603 1600 700 1663 armis
712 1600 887 1687 projectis,
902 1598 943 1662 ad
963 1621 1021 1663 sua
1035 1615 1138 1663 castra
1155 1614 1297 1664 conten·

221 1701 352 1766 derunt.

265 1802 393 1867 XXIII.
415 1805 458 1865 At
482 1801 637 1882 Romani,
654 1822 722 1865 non
746 1802 894 1865 contenti
912 1801 1147 1889 persequendis
1164 1802 1207 1867 ad
1231 1804 1297 1868 inus

220 1905 353 1968 vallium
370 1902 533 1982 hostibus,
544 1901 584 1965 ad
596 1901 727 1966 alteram
743 1918 869 1990 partem
884 1902 1237 1993 adscendere,vimque
1249 1905 1297 1970 fa·

220 2029 293 2071 cere
310 2020 494 2093 coeperunt3
512 2026 620 2091 neque
636 2004 765 2087 hostes,
782 2027 969 2093 quanquam
986 2028 1004 2069 e
1018 2006 1188 2094 superiore
1202 2006 1297 2090 loco,

220 2131 370 2198 magnam
383 2130 508 2170 moram
522 2106 654 2186 injicere
671 2108 811 2171 inermes
827 2124 988 2196 poterant.
1009 2109 1062 2172 Sic
1078 2109 1160 2173 enisi
1178 2109 1297 2175 milites

140 2198 144 2220 ¹
219 2211 332 2276 eadem
349 2210 509 2274 alacritate
527 2223 629 2272 castra
652 2224 900 2296 oppugnarunt,
923 2224 975 2289 et,
994 2209 1219 2296 nequidquam
1236 2210 1297 2275 de·

220 2311 450 2392 fendentihus,
466 2333 539 2396 quae
559 2308 709 2397 praesidio
725 2311 856 2373 fuerant
868 2311 1005 2391 relictae,
1018 2311 1231 2394 cohortibus,
1248 2334 1299 2377 oe·

217 2429 349 2507 perurit.
374 2414 420 2477 Ea
448 2427 556 2475 tamen
583 2434 674 2474 mora
699 2411 837 2498 spatium
866 2411 1022 2475 Pharnaci
1048 2409 1158 2493 dedit,
1184 2412 1298 2500 paucis

219 2541 296 2582 cum
313 2514 478 2603 equitibus
499 2535 533 2577 se
549 2512 769 2601 proripiendi,
787 2534 829 2576 ne
846 2513 938 2577 virus
954 2512 1081 2578 veniret
1096 2514 1130 2576 in
1148 2514 1297 2579 hostium

219 2633 434 2710 potestatem:
456 2616 615 2679 exercitus
641 2636 718 2678 sane
746 2630 837 2679 totus
855 2614 978 2703 periit,
996 2615 1088 2677 omni
1109 2629 1167 2677 aut
1190 2616 1297 2680 oociss

219 2721 403 2810 regiorum,
427 2732 485 2780 aut
504 2732 597 2804 capta
612 2716 833 2780 multitudine.
857 2716 968 2780 Rebus
987 2716 1038 2779 his
1055 2715 1298 2803 praeclarissime

220 2822 337 2914 gestis,
359 2841 477 2909 magna
502 2818 611 2881 laetitia
632 2818 764 2881 Caesaris
780 2817 862 2898 tuit,
887 2816 978 2904 quod
995 2817 1143 2913 etfacilis
1161 2818 1298 2883 victoria

219 2947 260 2990 ex
277 2923 469 2988 difficillimo
484 2920 579 2984 initio
595 2920 776 3000 exstiterat,
793 2935 825 2982 et
841 2919 944 2983 hostis
962 2941 1030 2982 non
1044 2919 1298 2985 contemnendas

218 3026 384 3115 opinionis
402 3025 472 3088 sine
487 3023 553 3086 ulla
569 3021 645 3084 belli
661 3044 753 3085 mora
764 3021 870 3085 victus
882 3038 967 3086 erat:
980 3022 1139 3109 aiuntque
1154 3023 1302 3111 Pompeii

117 3166 128 3197 t
212 3127 406 3218 praedicasse
410 3125 623 3213 felicitatem,
638 3126 692 3186 cui
706 3145 749 3186 ex
762 3146 798 3185 eo
810 3146 923 3210 genere
938 3123 1074 3187 hostium
1089 3147 1161 3187 cum
1179 3126 1298 3213 urgant«

213 3230 322 3317 gloria
339 3240 580 3316 cognomentum
596 3223 714 3310 Magni
723 3237 856 3311 partum
872 3238 957 3288 esset.

263 3328 383 3392 XXIV.
397 3329 535 3390 Romam
546 3340 634 3389 certe
650 3325 815 3412 scripsisse
826 3326 971 3390 creditur
982 3327 1181 3392 celebratum
1197 3328 1296 3411 illud,

219 3432 422 3496 velocitatem
432 3428 577 3492 victoriae
589 3450 687 3491 cursu
697 3444 729 3491 et
739 3426 896 3491 brevitate
909 3427 1084 3491 verborum
1099 3429 1296 3517 exprimens,

219 3533 347 3612 «Veni,
359 3529 441 3608 vidi,
453 3529 556 3610 vici»,
567 3529 787 3617 eumdemque
799 3545 912 3617 postea
926 3529 1057 3592 titulum
1075 3529 1161 3593 inter
1174 3531 1297 3597 seruus

220 3634 376 3722 triumphi
387 3631 575 3720 praetulisse.
591 3634 633 3695 At
648 3631 830 3711 Domitius,
840 3630 881 3694 ad
895 3631 1137 3718 insequendum
1149 3633 1297 3698 Pharna·

220 3761 292 3802 cem
310 3737 446 3813 missus,
464 3732 606 3821 Sinopen
625 3732 770 3797 delatum
790 3756 866 3796 cum
882 3733 970 3798 mille
981 3731 1160 3797 admodum
1176 3734 1297 3823 equiti·

219 3841 298 3921 bus,
311 3836 417 3926 quiad
427 3858 501 3900 eum
514 3859 554 3899 ex
564 3835 644 3925 fuga
652 3850 887 3916 convenerant,
900 3852 1035 3923 accepto
1046 3836 1080 3898 in
1093 3835 1295 3902 deditionem

219 3941 361 4030 oppido,
373 3939 497 4002 salvum
509 3937 598 4001 abire
612 3936 771 4024 permisit.
780 3937 858 4017 Ille,
873 3959 989 4025 magna
1000 3959 1135 4000 suorum
1151 3937 1297 4027 indigna·

257 4151 273 4214 5
287 4150 383 4197 XXIII.
396 4147 498 4194 Plutia
510 4147 573 4195 Caes.
585 4160 640 4208 cap.
651 4145 693 4204 73.
705 4170 740 4180 —-
750 4143 803 4190 Lir.
814 4143 880 4206 Epit.
889 4170 925 4180 —
937 4142 1046 4208 Appian.
1055 4141 1168 4191 Mithrid.
