2686 4822
229 341 274 420 da
409 340 480 406 J0.
509 338 849 409 FREINSIIEMII
881 339 1125 409 SUPPLEM.

226 459 371 522 «anricus
382 474 416 522 et
427 459 545 546 hospes
558 458 723 547 Pompeii,
740 461 798 524 sed
812 462 962 541 libertus,
978 477 1036 524 aut
1047 482 1135 524 unus
1150 459 1191 524 de
1202 483 1304 552 grege

224 589 238 613 «
249 559 388 622 militum
405 559 537 639 fuisset,
556 559 606 623 uti
620 561 792 647 potuisset.

268 661 344 725 XII.
359 660 445 724 «Sed
457 676 566 724 tamen
579 662 686 745 hunc,
699 664 887 729 ahsolutum
901 664 965 728 hoc
979 663 1117 745 delicto,
1134 664 1169 726 in
1184 686 1303 729 nume-

224 794 237 817 «
248 785 323 827 rum
342 762 702 853 amicorum,recepisti.
722 767 792 831 Nec
807 782 865 830 aut
884 765 1093 854 reprehendit
1115 766 1177 829 ista
1195 766 1302 835 Pham

226 898 239 921 a
249 889 361 947 nuces,
378 882 436 929 aut
447 868 599 946 Dejotaro
612 868 797 934 felicitatem
810 891 904 933 suam
920 868 1055 933 inridet.
1070 868 1133 932 Tui
1146 883 1180 932 te
1193 889 1303 933 exem·

225 999 238 1024 a
249 968 312 1056 pli,
324 969 374 1032 tui
385 968 484 1033 moris
492 968 664 1051 admonet,
677 986 830 1058 oratque,
844 987 933 1034 uteo
947 969 1097 1032 instituto
1109 969 1159 1033 nti
1171 962 1302 1059 pergas,

223 1102 236 1124 ι
247 1092 314 1156 quo
326 1070 416 1134 haud
430 1071 596 1158 pauciores
608 1071 822 1154 adversarios,
837 1095 953 1160 quam,
965 1070 1087 1159 quihus
1095 1070 1241 1136 invictus
1252 1094 1301 1155 es,

222 1171 537 1259 «armis,superasti.
547 1173 652 1256 ‘Quod
661 1173 687 1236 si
697 1190 833 1262 propter
842 1174 1054 1238 commissum
1064 1196 1139 1237 curn
1150 1173 1301 1242 Domitio

222 1302 236 1327 κ
247 1288 410 1338 certamen
424 1274 630 1339 irascendum
644 1291 757 1363 putas,
771 1292 804 1341 at
819 1277 931 1340 saltem
946 1275 1030 1364 regis
1044 1274 1301 1341 satisfactionem

223 1375 357 1462 «accipe
381 1399 390 1439 :
414 1393 471 1439 aut
498 1375 650 1457 docebit,
674 1378 780 1442 haeca
803 1395 835 1442 te
854 1377 1011 1442 vindicari
1032 1401 1100 1441 non
1123 1393 1300 1466 oportere,

221 1504 234 1527 a
243 1491 316 1556 aut,
331 1475 493 1564 quidquid
506 1477 732 1565 imperaveris,
750 1479 867 1543 faciet:
882 1480 947 1544 hoc
960 1502 1066 1543 unum
1085 1478 1299 1567 deprecatur,

219 1603 232 1626 ι
242 1596 284 1638 ne
301 1575 410 1639 hostih
424 1576 567 1641 adventu
580 1577 621 1641 ad
633 1601 795 1643 summanr
806 1603 841 1645 se
854 1580 1116 1669 desperationem
1131 1579 1252 1670 adigat.

266 1677 357 1742 XIII.
375 1678 569 1758 «Dejotarus
591 1682 763 1768 caeterique
786 1681 1019 1765 finitimorum,
1038 1683 1179 1748 amicitia
1198 1683 1300 1748 Pom·

219 1809 232 1834 ι
243 1780 306 1868 peii
320 1781 412 1861 freti,
426 1781 581 1845 lacessere
593 1805 660 1846 non
673 1782 856 1865 desierunt,
870 1784 976 1849 donec
985 1807 1094 1875 regern
1106 1783 1196 1848 adea
1208 1807 1300 1850 arma

220 1913 233 1937 ι
245 1883 556 1970 cogerent,·quihus
581 1899 613 1946 et
632 1884 780 1971 ipsorum
805 1887 1037 1974 comprimeret
1057 1884 1244 1967 audaciam,
1264 1900 1300 1949 et

220 1984 330 2047 «hello
347 1985 469 2066 victor,
492 2002 636 2073 paternae
659 1986 845 2050 hereditatis
868 2004 993 2076 partem
1017 2003 1235 2074 recuperaret.
1255 1986 1300 2055 Et

220 2109 434 2174 «quanquam
448 2086 579 2151 difficile
595 2088 692 2151 estin
707 2088 811 2169 hello,
826 2088 1005 2176 praesertim
1020 2087 1167 2152 felicibus
1181 2089 1298 2169 armis,

218 2218 231 2242 ι
245 2203 355 2252 tenere
382 2188 670 2276 modum„neque
695 2191 802 2254 calore
823 2189 965 2253 victoriae
990 2211 1088 2278 supra
1114 2187 1194 2252 lines
1212 2188 1299 2269 juris

217 2319 230 2342 ι
241 2289 369 2370 efferri3
386 2312 424 2353 ea
440 2307 549 2354 tamen
571 2290 729 2355 modestia
745 2291 920 2355 Pharnacis
938 2291 1016 2372 l'uit,
1037 2307 1169 2378 estque,
1184 2306 1225 2353 ut
1238 2313 1300 2354 ne·

217 2415 306 2479 «que
324 2394 436 2480 plura,
460 2416 559 2480 quarn
582 2409 736 2481 appetere
759 2393 893 2475 debuit,
915 2410 1102 2458 attrectasse
1124 2408 1237 2481 putet,
1265 2410 1300 2458 et

217 2494 338 2575 «hujus
362 2495 464 2583 ipsius
484 2519 588 2560 cause
602 2496 764 2578 judiciam
782 2496 841 2560 tihi
863 2495 996 2560 delerat.
1017 2496 1088 2560 Nec
1105 2517 1183 2559 sane
1199 2494 1299 2559 aliam

218 2596 286 2659 «ob
305 2619 435 2661 causam
457 2621 533 2662 cum
553 2599 700 2663 Domitio
719 2598 910 2663 dimicatum
928 2615 994 2680 est,
1013 2620 1113 2686 quarn
1134 2596 1227 2684 quod
1242 2597 1299 2663 ille

218 2720 310 2760 «rem
333 2699 492 2787 integram
518 2699 559 2763 ad
586 2716 675 2764 tuam
706 2701 928 2789 cognitionem
957 2702 1142 2788 relinquere
1169 2700 1297 2783 noluit3

216 2800 423 2864 «Pharnaces
437 2817 554 2888 praeter
569 2817 601 2865 te
616 2824 815 2889 quemquam
830 2802 991 2864 arbitrum
1008 2802 1074 2890 pati
1088 2824 1157 2865 non
1173 2800 1296 2888 potuit.

216 2903 308 2965 «Hac
330 2902 460 2989 potius,
484 2924 584 2989 quam
606 2925 773 2966 armorum
799 2902 934 2985 fiducia,
955 2905 1029 2968 lic'et
1051 2903 1240 2992 egregium,
1264 2918 1298 2966 et

216 3033 229 3058 a
238 3003 371 3067 duobus
382 3020 481 3091 atque
494 3003 609 3092 viginti
625 3005 742 3092 praeliis
757 3021 945 3093 expertum,
958 3005 1180 3091 omnibusque
1193 3003 1299 3066 ricto-

215 3126 308 3169 «rem
331 3106 509 3168 exercitum
531 3105 656 3185 trahat,
682 3106 811 3193 quietus
835 3107 868 3169 in
894 3108 1006 3171 castris
1029 3106 1071 3171 ad
1097 3106 1219 3168 Zielam
1238 3127 1298 3169 ex·

215 3222 363 3292 «spectat
386 3229 602 3295 responsum
630 3207 722 3295 quod
750 3224 823 3274 ate
847 3209 1054 3275 moderatum
1082 3207 1298 3294 amicumque
1328 3268 1332 3273 .

214 3309 368 3390 «referri,
385 3323 457 3371 tum
477 3326 642 3396 perpetuae
659 3310 921 3375 mansuetudinis
940 3327 1022 3390 ture,
1039 3326 1111 3374 tam
1130 3308 1228 3372 etiam
1246 3307 1297 3371 rei

212 3439 226 3466 ι
236 3433 395 3492 romanae,
411 3411 561 3499 praesenti
578 3411 711 3498 quidem
726 3429 812 3476 statu
828 3435 955 3492 rerum,
973 3411 1120 3476 interest.
1131 3440 1144 3464 a

259 3512 348 3576 xlv,
364 3513 471 3575 Caesar
481 3511 522 3575 ad
536 3512 621 3593 haro,
635 3515 793 3601 reportari
806 3513 848 3578 ad
862 3537 972 3603 regern
986 3513 1106 3592 jubens
1123 3533 1293 3592 coronam„

215 3630 285 3679 turn
296 3637 330 3679 se
340 3613 427 3678 dona
437 3632 594 3702 tanquam
604 3617 644 3679 ab
655 3617 761 3681 amico
772 3615 1172 3704 responditaccepturum,
1186 3634 1293 3700 quum

213 3717 373 3806 promissa
389 3718 609 3806 prestitisset:
627 3719 770 3783 «frustra
787 3741 864 3782 eum
881 3741 916 3782 se
932 3717 1099 3782 venditare
1120 3738 1176 3796 eo,
1200 3712 1294 3802 quod

215 3818 381 3891 «amicum
405 3819 600 3884 deseruisset
622 3821 657 3883 in
675 3819 880 3902 discrimine,
898 3818 1121 3906 auxiliumque
1138 3838 1207 3880 non
1230 3815 1293 3878 mi·

214 3923 331 3986 «sisset
353 3923 512 4011 Pompeio
532 3946 540 3987 ε
562 3945 671 4010 neque
695 3922 817 4001 Caesari,
837 3945 906 3986 rem
930 3921 1035 4002 illam,
1055 3919 1113 3983 sed
1131 3918 1192 4008 ipsi
1213 3940 1292 4007 pro·

249 4127 265 4193 S
281 4133 326 4178 lll.
339 4128 403 4181 ltin,
418 4156 452 4167 -
465 4126 517 4179 cic.
528 4146 575 4194 pro
587 4131 734 4197 Dejotmap.
750 4133 774 4179 3.
788 4160 819 4169 -
834 4134 892 4180 nio.
908 4159 939 4169 --
950 4131 1034 4195 §le
1046 4131 1111 4182 ltin.
