2686 4822
225 347 267 428 14
392 345 459 411 JO.
490 343 831 410 FREINSHEMII
865 343 1110 411 SUPPLEM.

262 465 403 530 XXXII.
420 462 484 528 Sed
497 463 531 525 in
547 462 688 550 speciem
699 462 802 524 amica
813 477 905 526 erant
921 463 1049 543 omnia,
1067 479 1101 527 et
1115 464 1295 530 tumultum

218 565 434 632 alexandrinae
449 562 552 651 plebis
566 584 713 626 reversus
739 585 758 625 a
776 563 908 627 Pelusio
924 585 981 626 rex
995 587 1079 651 puer
1095 565 1295 652 placaverat3

219 682 252 731 et
268 667 438 754 Cleopatra
450 661 610 752 quosdam
623 664 804 727 amicorum
819 664 969 745 miserat,
986 665 1148 752 quisnam
1164 689 1295 734 causam

216 785 360 860 agerent.
380 765 444 832 Sed
460 767 558 854 paulo
572 782 667 853 post,
685 766 816 830 Caesaris
835 766 1006 831 intellectis
1023 767 1169 831 moribus
1184 817 1193 851 ,
1210 792 1294 835 suae·

215 895 280 961 que
296 873 409 935 formae
427 883 460 932 et
475 869 638 932 venustati
654 867 843 949 conlidens,
861 870 1000 934 omnino
1016 870 1206 935 conandum
1223 874 1292 937 exi·

215 972 375 1051 stimavit,
392 985 431 1032 ut
446 969 487 1032 ab
504 968 641 1033 homine
659 970 836 1034 mulieroso
853 973 1106 1059 conspiceretur.
1130 975 1292 1039 Caeterum

214 1073 242 1137 si
260 1074 364 1160 palam
381 1071 541 1150 venisset,
555 1070 622 1133 vim
638 1069 680 1134 ab
695 1069 860 1135 tutoribus
876 1072 1017 1136 inimicis
1034 1072 1211 1137 metuebat.
1226 1075 1293 1164 Igi-

213 1189 268 1236 tur
284 1171 413 1235 modica
432 1193 608 1234 conscensa
625 1171 762 1252 biremi,
776 1174 938 1261 corruptis
955 1174 1113 1260 pecunia,
1130 1174 1188 1262 qui
1201 1176 1290 1239 clau·

155 1361 159 1370 .
213 1290 279 1337 stra
298 1273 395 1336 Phari
412 1270 659 1352 custodiebant,
677 1272 791 1359 primis
810 1274 953 1341 tenebris
971 1274 1013 1338 ad
1036 1275 1158 1364 regiam
1176 1279 1289 1342 venit:

213 1391 248 1439 et
275 1397 316 1438 ne
343 1373 489 1460 conspici
513 1397 532 1436 a
560 1396 729 1461 quoquam
752 1391 881 1462 posset,
904 1376 1055 1440 culcitam
1080 1375 1142 1441 sibi
1165 1377 1289 1442 circum

179 1551 184 1563 .
213 1476 370 1566 adstringi
392 1478 484 1556 loro,
504 1474 735 1563 deportarique
759 1499 818 1564 per
836 1477 1096 1565 Appollodorum
1123 1479 1288 1561 Situlum,

211 1581 304 1660 cujus
324 1579 400 1643 fidei
415 1577 584 1659 credebat,
600 1577 646 1642 ad
656 1579 814 1642 Caesarem
827 1577 931 1657 jussit.

256 1681 415 1746 XXXIII.
441 1679 480 1744 Id
502 1681 610 1768 primo
633 1697 858 1744 commentum
879 1679 1095 1746 admiratione
1121 1682 1288 1748 muliebris

211 1783 332 1871 ingenii
343 1781 667 1871 percussitCaesarem
677 1804 684 1845 :
696 1797 733 1844 ut
742 1780 860 1846 deinde
869 1781 911 1846 ad
922 1781 1177 1847 misericordiam
1190 1785 1289 1848 simul

210 1907 424 1972 amoremque
436 1883 591 1947 ciendum
604 1900 784 1971 temperato
798 1885 891 1948 vultu
904 1883 1044 1963 adstitit,
1053 1884 1171 1948 eximia
1182 1884 1286 1949 forma

210 2005 242 2050 ct
253 1986 409 2076 singulari
423 1986 563 2074 quadam
578 1986 679 2074 gratia
695 1986 738 2048 ita
751 1983 950 2049 dementavit
959 1985 1140 2065 hominem,
1150 1985 1287 2052 utalaam

210 2089 342 2153 andrini
351 2089 428 2153 belli
445 2089 530 2152 hanc
546 2089 648 2151 solam
658 2087 764 2175 fuisse
780 2111 911 2152 causam
926 2088 1072 2177 plerique
1090 2087 1285 2154 existiment.

208 2191 273 2255 Sed
292 2191 344 2254 illa
358 2190 537 2277 plurimum
555 2190 652 2252 etiam
671 2190 847 2253 verborum
864 2189 1028 2253 blanditiis
1044 2189 1285 2278 veneribusque

207 2292 366 2381 pollebat3
388 2290 637 2378 compositoque
658 2289 699 2353 ad
725 2291 909 2354 moestitiam
930 2291 1024 2354 vultu
1045 2291 1283 2377 procumbens,

206 2396 281 2458 «En
300 2392 432 2474 adsum,
446 2393 575 2480 inquit,
591 2392 776 2481 Cleopatra,
797 2408 846 2456 tot
864 2415 979 2482 regum
998 2393 1145 2474 soboles,
1160 2407 1284 2482 tuaque

209 2497 436 2584 «complector
460 2518 584 2584 genua,
611 2497 733 2575 Caesar3
757 2495 839 2559 nihil
858 2493 1031 2584 indignum
1056 2495 1183 2585 fastigio
1209 2519 1283 2561 meo

207 2598 338 2660 «Iacere
352 2612 491 2683 putans,
513 2596 540 2665 si
555 2596 631 2676 tibi,
649 2620 749 2683 quern
766 2595 811 2660 dii
828 2619 926 2683 supra
943 2597 1092 2659 omnium
1108 2596 1281 2663 hominum

207 2730 219 2754 t
234 2697 434 2776 majestatem
448 2696 650 2777 extulerunt,
667 2714 823 2784 tanquam
839 2718 1050 2761 communem
1059 2720 1174 2785 regum
1186 2714 1283 2788 atque

204 2831 217 2855 a
232 2800 378 2887 gentium
395 2797 573 2878 arbitrum,
587 2796 735 2862 debitum
752 2798 913 2862 honorem
928 2799 1076 2864 exhibeo.

249 2901 403 2963 XXXIV.
419 2930 432 2954 ι
446 2898 509 2962 Per
521 2921 625 2961 annos
639 2921 742 2987 prope
755 2915 938 2982 trecentos,
954 2917 1128 2988 postquam
1146 2926 1282 2993 regnare

206 3001 333 3064 «semel
350 2999 468 3063 domus
487 3015 598 3063 nostra
615 3001 726 3089 coepit,
741 3001 812 3064 sine
824 3001 1063 3068 intermissione
1076 3005 1183 3068 tenuit
1195 3007 1282 3071 hanc

203 3103 352 3192 «regiam
371 3125 379 3165 :
399 3118 432 3166 et
445 3125 503 3190 par
519 3101 597 3165 huic
614 3103 766 3166 vetustati
781 3127 854 3170 mos
870 3120 935 3185 est,
950 3103 1064 3168 eadem
1078 3128 1154 3170 cum
1171 3107 1280 3172 fratri·

203 3237 216 3260 «ι
228 3205 291 3269 bns
305 3220 463 3293 potestate
476 3205 610 3267 sociatas
623 3205 833 3270 matrimonio
846 3229 981 3296 regnare
996 3207 1145 3272 feminas.
1157 3208 1197 3273 Id
1209 3232 1280 3274 non

203 3330 290 3369 «suo
314 3307 416 3394 magis
432 3303 573 3385 judicio,
592 3329 689 3393 quam
711 3307 860 3395 priorum
884 3309 1052 3390 omnIum,
1070 3327 1161 3398 pater
1184 3334 1279 3375 meus

202 3438 215 3462 «ι
228 3430 318 3470 nunc
332 3429 465 3493 quoque
481 3404 549 3469 fieri
567 3407 680 3488 jussit,
695 3407 752 3472 sed
768 3410 918 3473 voluntas
938 3409 1006 3490 ejus
1028 3411 1213 3498 spernitur,
1231 3427 1280 3476 te·

202 3540 215 3564 κ
228 3507 379 3571 stamenti
391 3507 462 3570 vilis
470 3523 520 3571 est
531 3508 658 3597 religio,
667 3533 799 3597 unaque
809 3513 923 3599 populi
934 3513 1078 3592 romani,
1089 3511 1146 3576 sed
1156 3530 1189 3577 et
1201 3530 1276 3595 tua,

199 3643 213 3665 «
230 3610 352 3690 Caesar,
377 3608 554 3697 despicitur
570 3612 755 3676 auctoritas.
773 3613 842 3676 Nec
858 3613 900 3677 de
918 3614 1017 3677 fratre
1035 3638 1177 3702 queror:
1194 3640 1279 3704 puer

201 3744 213 3767 a
226 3728 292 3785 est,
307 3727 357 3791 et,
371 3732 443 3798 quae
460 3712 582 3776 ultimae
596 3714 691 3777 sortis
708 3729 757 3777 est
772 3713 969 3804 indignitas,
981 3716 1111 3780 famulis
1128 3717 1195 3780 suis
1211 3740 1279 3783 ser·

200 3844 213 3868 κ
227 3814 283 3876 vit.
293 3813 369 3876 Non
384 3810 437 3874 ille
446 3835 498 3876 me
507 3811 753 3903 dejecitregno,
763 3816 840 3897 mei,
849 3832 1009 3903 quantum
1023 3817 1131 3898 licuit,
1142 3841 1274 3902 amans3

234 4024 250 4088 5
263 4025 375 4070 XXXII.
389 4022 446 4070 Dio.
457 4049 491 4058 -
504 4023 596 4074 Lucan.
608 4027 647 4083 X,
663 4025 706 4073 53.
716 4051 749 4062 --
759 4026 882 4076 Plutarch.
895 4055 929 4064 -
943 4028 959 4093 S
972 4031 1096 4080 XXXIII.
1111 4031 1175 4079 Flor.
1189 4032 1236 4082 IV.
1249 4050 1275 4084 a.

198 4135 231 4143 —·
248 4105 370 4154 ulum-eli.
387 4133 420 4140 —
435 4106 493 4153 uto.
