2686 4822
168 414 1240 456 mmmmfflmmmmmmmmmmmu.

311 635 484 730 JOAN
495 641 538 730 N
547 641 606 730 IS
651 641 1110 734 FREINSHEMII

216 883 1208 1032 SUPPLEMENTORUM

391 1185 1018 1312 LIVIANORUM

492 1468 668 1549 LIBER
702 1469 921 1551 LXXVII

351 1709 397 1766 m
424 1708 581 1767 nocuus
608 1684 1068 1770 n1on1cit11mv1sm.

536 1969 874 2004 -moo-a-

584 2190 827 2262 EPITOME

326 2352 458 2409 mum
489 2326 1119 2457 csrrssrmgupom‘armffss

165 2509 321 2582 Trepidatio
330 2511 461 2565 victarum
474 2509 592 2583 partium
605 2526 654 2581 per
666 2508 1120 2596 diverspsoprbis·tprrara1pl·partes
1137 2527 1163 2568 et
1179 2517 1243 2592 luga

199 2596 363 2650 reseruntur.
381 2596 432 2648 Cn.
450 2592 606 2666 Pompeius,
622 2611 706 2665 quum
719 2584 864 2665 AEgypmji
870 2583 1089 2668 petissm'q.jussu
1108 2595 1244 2656 Ptolemaei

201 2679 270 2749 regis
283 2677 395 2750 pupilli,
411 2690 519 2732 auctore
526 2676 668 2730 Theodoto
680 2688 842 2760 preceptore
849 2681 945 2759 ,ooujus
956 2682 1137 2763 magnaapud
1151 2703 1242 2758 regem
1308 2701 1311 2706 ’

201 2761 348 2815 auctoritas
358 2773 430 2825 erat,
443 2774 470 2815 et
478 2749 610 2824 Pothino,
622 2759 725 2813 occisus
731 2754 774 2825 'est
780 2745 951 2842 wichim
959 2760 1006 2839 oiri
1022 2751 1054 2817 iii
1067 2767 1170 2820 lacinus
1184 2783 1241 2824 erat

199 2845 365 2917 delegatum,
377 2844 405 2897 in
419 2845 560 2908 navicula,
574 2856 717 2915 antequam
731 2838 758 2896 iri
775 2831 874 2897 t'eiram
890 2846 979 2898 exiret.
996 2848 1120 2902 Cornelia
1133 2869 1200 2904 uxor
1213 2865 1241 2909 et

199 2928 258 2985 Sex.
269 2929 412 3000 Pompeius
420 2929 492 2982 lilius
499 2930 608 3002 Cypron
618 2929 784 3000 refugerunt.
794 2929 892 2993 Cesar,
903 2941 962 3001 post
970 2931 1077 2983 tertium
1088 2931 1159 2986 diem
1169 2936 1239 2992 inse·

198 3025 404 3085 quutus,qnum
421 3012 445 3065 ei
454 3011 611 3066 Theodotus
624 3023 703 3083 caput
720 3011 838 3082 Pompeii
850 3025 876 3065 et
892 3013 1022 3066 annulum
1036 3016 1190 3085 obtulisset,
1210 3033 1238 3075 et

197 3096 316 3151 infensus
326 3108 378 3159 est,
389 3108 416 3150 et
428 3093 624 3169 illacrymavit:
637 3096 693 3148 sine
704 3094 821 3166 periculo
831 3095 1019 3149 Alexandriam
1027 3099 1235 3158 tumultuantem

198 3180 316 3235 intravit.
329 3182 427 3247 Caesar,
439 3179 553 3235 dictator
562 3191 679 3242 creatus,
693 3180 863 3251 Cleopatram
873 3180 900 3232 in
912 3200 1024 3253 regnum
1033 3185 1142 3257 AEgypti
1152 3187 1235 3242 redu·

198 3264 249 3326 xit,
263 3277 289 3319 et
300 3264 457 3318 inferentem
467 3264 568 3317 bellum
579 3263 672 3318 iisdem
686 3264 838 3317 auctoribus
850 3264 1034 3327 Ptolemoeum,
1050 3270 1148 3341 quibus
1159 3272 1237 3326 Pom·

195 3349 285 3419 peium
296 3349 478 3415 interfecerat,
493 3367 555 3402 cum
568 3366 667 3418 magno
679 3366 727 3400 suo
737 3346 891 3401 discrimine
906 3348 979 3402 vicit.
997 3350 1155 3406 Ptolemaeus
1168 3354 1235 3409 dum

196 3433 279 3505 fugit,
293 3433 321 3486 in
333 3433 395 3487 Nilo
411 3432 535 3487 navicula
552 3430 679 3485 subsedit.
702 3432 828 3484 Praeterea
847 3431 1010 3485 laboriosum
1026 3433 1064 3487 M.
1080 3436 1188 3492 Catonis
1205 3439 1235 3493 iu
1263 3504 1268 3514 .

196 3517 284 3570 Africa
292 3537 341 3589 per
351 3516 455 3571 deserta
466 3535 528 3570 cum
536 3515 684 3587 legionibus
695 3516 754 3578 iter,
769 3527 796 3567 et
808 3515 909 3568 bellum
920 3535 936 3568 a
949 3517 999 3569 Cn.
1012 3519 1128 3574 Domitio
1140 3535 1233 3578 contre

194 3601 360 3656 Pharnacem
373 3620 469 3675 parum
482 3619 608 3673 prospere
622 3611 725 3672 gestum
736 3600 862 3652 continet.

161 3802 186 3864 l.
208 3759 399 3866 Cormasa
423 3800 569 3865 celeriter
592 3798 739 3886 Pompeii
766 3797 888 3862 cladem
916 3805 996 3885 (nec
1022 3801 1109 3865 enim
1134 3807 1230 3872 celari

160 3925 209 3967 res
230 3918 318 3966 tanta
341 3900 488 3990 poterat)
505 3900 624 3988 passim
641 3899 813 3987 trepidatio
832 3915 865 3963 ct
884 3899 961 3989 fuga
979 3902 1120 3988 partium
1137 3926 1229 3971 exce·

157 4004 215 4100 pit.
240 4003 342 4068 Primi
366 4003 462 4093 (nam
486 4018 519 4066 et
538 4003 687 4091 proxime
709 3999 863 4088 aberant)
888 4024 956 4066 rem
984 4001 1145 4085 didicere,
1171 4008 1228 4094 qui

158 4104 353 4192 Dyrrhachii
376 4120 599 4171 remanserant
622 4104 657 4167 in
680 4103 844 4192 prioribus
869 4103 1003 4168 castris:
1029 4127 1171 4192 quorum
1194 4127 1227 4174 et

254 4222 315 4290 XI.
1038 4243 1051 4290 1
